<?xml version="1.0" encoding="UTF-8"?>
<!DOCTYPE html PUBLIC "-//W3C//DTD XHTML 1.0 Transitional//EN"
    "http://www.w3.org/TR/xhtml1/DTD/xhtml1-transitional.dtd">
<html xmlns="http://www.w3.org/1999/xhtml" xml:lang="en" lang="en">
 <head>
  <title>
</title>
<meta http-equiv="Content-Type" content="text/html;charset=utf-8" />
  <meta name='ocr-system' content='tesseract 3.04.00' />
  <meta name='ocr-capabilities' content='ocr_page ocr_carea ocr_par ocr_line ocrx_word'/>
</head>
<body>
  <div class='ocr_page' id='page_1' title='image "./historiaecclesia04stap_0426.png"; bbox 0 0 2541 3415; ppageno 0'>
   <div class='ocr_carea' id='block_1_1' title="bbox 106 109 1569 190">
    <p class='ocr_par' dir='ltr' id='par_1_1' title="bbox 106 109 1569 190">
     <span class='ocr_line' id='line_1_1' title="bbox 106 109 1569 190; baseline -0.001 -14"><span class='ocrx_word' id='word_1_1' title='bbox 106 138 123 154; x_wconf 84' lang='lat'><strong>·</strong></span> <span class='ocrx_word' id='word_1_2' title='bbox 195 140 220 188; x_wconf 85' lang='lat'>3</span> <span class='ocrx_word' id='word_1_3' title='bbox 231 124 294 189; x_wconf 82' lang='lat'>76</span> <span class='ocrx_word' id='word_1_4' title='bbox 758 188 760 190; x_wconf 28' lang='grc'><strong>,</strong></span> <span class='ocrx_word' id='word_1_5' title='bbox 1035 118 1137 175; x_wconf 61' lang='lat' dir='ltr'>Die</span> <span class='ocrx_word' id='word_1_6' title='bbox 1159 109 1324 182; x_wconf 51' lang='lat' dir='ltr'>‘tfin‘fte</span> <span class='ocrx_word' id='word_1_7' title='bbox 1339 119 1569 188; x_wconf 58' lang='lat' dir='ltr'>beilega</span> 
     </span>
    </p>
   </div>
   <div class='ocr_carea' id='block_1_2' title="bbox 116 196 2484 1915">
    <p class='ocr_par' dir='ltr' id='par_1_2' title="bbox 116 196 2484 1915">
     <span class='ocr_line' id='line_1_2' title="bbox 203 196 2395 215; baseline 0 -2"><span class='ocrx_word' id='word_1_8' title='bbox 203 203 678 213; x_wconf 53' lang='lat' dir='ltr'>„m</span> <span class='ocrx_word' id='word_1_9' title='bbox 695 196 2395 215; x_wconf 50' lang='grc' dir='ltr'>ΜΨἫ*</span> 
     </span>
     <span class='ocr_line' id='line_1_3' title="bbox 116 228 2424 300; baseline -0.001 -17"><span class='ocrx_word' id='word_1_10' title='bbox 116 271 120 272; x_wconf 26' lang='lat'><em>⁷</em></span> <span class='ocrx_word' id='word_1_11' title='bbox 200 236 293 283; x_wconf 72' lang='lat' dir='ltr'>siue</span> <span class='ocrx_word' id='word_1_12' title='bbox 315 233 698 300; x_wconf 84' lang='lat' dir='ltr'>Juspresentandi</span> <span class='ocrx_word' id='word_1_13' title='bbox 719 235 778 281; x_wconf 88' lang='lat' dir='ltr'>ad</span> <span class='ocrx_word' id='word_1_14' title='bbox 803 230 976 283; x_wconf 50' lang='lat' dir='ltr'>dietam</span> <span class='ocrx_word' id='word_1_15' title='bbox 1000 230 1222 280; x_wconf 82' lang='lat' dir='ltr'>vicariam</span> <span class='ocrx_word' id='word_1_16' title='bbox 1255 233 1313 280; x_wconf 88' lang='lat' dir='ltr'>ad</span> <span class='ocrx_word' id='word_1_17' title='bbox 1337 228 1549 282; x_wconf 84' lang='lat' dir='ltr'>Centum</span> <span class='ocrx_word' id='word_1_18' title='bbox 1581 232 1629 283; x_wconf 78' lang='grc' dir='ltr'>δι</span> <span class='ocrx_word' id='word_1_19' title='bbox 1652 233 1819 298; x_wconf 83' lang='lat' dir='ltr'>viginti</span> <span class='ocrx_word' id='word_1_20' title='bbox 1843 247 2006 281; x_wconf 88' lang='lat' dir='ltr'>annos.</span> <span class='ocrx_word' id='word_1_21' title='bbox 2046 233 2075 281; x_wconf 75' lang='lat' dir='ltr'>a</span> <span class='ocrx_word' id='word_1_22' title='bbox 2103 235 2211 282; x_wconf 85' lang='lat' dir='ltr'>data</span> <span class='ocrx_word' id='word_1_23' title='bbox 2237 234 2424 297; x_wconf 85' lang='lat' dir='ltr'>presen-</span> 
     </span>
     <span class='ocr_line' id='line_1_4' title="bbox 202 296 2424 366; baseline -0.001 -15"><span class='ocrx_word' id='word_1_24' title='bbox 202 306 322 352; x_wconf 88' lang='lat' dir='ltr'>tium</span> <span class='ocrx_word' id='word_1_25' title='bbox 348 302 576 351; x_wconf 83' lang='lat' dir='ltr'>continue</span> <span class='ocrx_word' id='word_1_26' title='bbox 599 302 894 350; x_wconf 89' lang='lat' dir='ltr'>numerando</span> <span class='ocrx_word' id='word_1_27' title='bbox 907 299 1126 366; x_wconf 79' lang='lat' dir='ltr'>proxime</span> <span class='ocrx_word' id='word_1_28' title='bbox 1149 299 1410 365; x_wconf 77' lang='lat' dir='ltr'><strong>sequentes.</strong></span> <span class='ocrx_word' id='word_1_29' title='bbox 1449 308 1618 348; x_wconf 90' lang='lat' dir='ltr'>tenore</span> <span class='ocrx_word' id='word_1_30' title='bbox 1640 301 1924 366; x_wconf 87' lang='lat' dir='ltr'>presentium</span> <span class='ocrx_word' id='word_1_31' title='bbox 1951 296 2274 349; x_wconf 78' lang='lat' dir='ltr'>concedimus.</span> <span class='ocrx_word' id='word_1_32' title='bbox 2309 300 2424 348; x_wconf 87' lang='lat' dir='ltr'>Lar·</span> 
     </span>
     <span class='ocr_line' id='line_1_5' title="bbox 202 367 2423 435; baseline -0.002 -16"><span class='ocrx_word' id='word_1_33' title='bbox 202 373 357 435; x_wconf 83' lang='lat' dir='ltr'>gimur</span> <span class='ocrx_word' id='word_1_34' title='bbox 380 370 428 419; x_wconf 68' lang='grc' dir='ltr'>ὃ(</span> <span class='ocrx_word' id='word_1_35' title='bbox 448 369 680 418; x_wconf 86' lang='lat' dir='ltr'>donamus</span> <span class='ocrx_word' id='word_1_36' title='bbox 702 370 770 417; x_wconf 87' lang='lat' dir='ltr'>Ita</span> <span class='ocrx_word' id='word_1_37' title='bbox 795 377 956 417; x_wconf 88' lang='lat' dir='ltr'>tamen</span> <span class='ocrx_word' id='word_1_38' title='bbox 984 369 1112 432; x_wconf 88' lang='lat' dir='ltr'>quod</span> <span class='ocrx_word' id='word_1_39' title='bbox 1134 367 1303 432; x_wconf 84' lang='lat' dir='ltr'>prefati</span> <span class='ocrx_word' id='word_1_40' title='bbox 1325 367 1417 415; x_wconf 89' lang='lat' dir='ltr'>Dni</span> <span class='ocrx_word' id='word_1_41' title='bbox 1439 367 1774 416; x_wconf 85' lang='lat' dir='ltr'>testamentarii</span> <span class='ocrx_word' id='word_1_42' title='bbox 1800 368 1874 415; x_wconf 90' lang='lat' dir='ltr'>seu</span> <span class='ocrx_word' id='word_1_43' title='bbox 1898 368 2016 416; x_wconf 89' lang='lat' dir='ltr'>alter</span> <span class='ocrx_word' id='word_1_44' title='bbox 2040 383 2205 415; x_wconf 86' lang='lat' dir='ltr'>eorum</span> <span class='ocrx_word' id='word_1_45' title='bbox 2242 368 2423 415; x_wconf 76' lang='lat' dir='ltr'>Autvi-</span> 
     </span>
     <span class='ocr_line' id='line_1_6' title="bbox 202 433 2422 501; baseline -0.001 -15"><span class='ocrx_word' id='word_1_46' title='bbox 202 439 351 486; x_wconf 88' lang='lat' dir='ltr'>carius</span> <span class='ocrx_word' id='word_1_47' title='bbox 374 437 423 487; x_wconf 70' lang='grc' dir='ltr'>ὃ(</span> <span class='ocrx_word' id='word_1_48' title='bbox 444 437 630 501; x_wconf 90' lang='lat' dir='ltr'>Juratus</span> <span class='ocrx_word' id='word_1_49' title='bbox 656 436 859 484; x_wconf 84' lang='lat' dir='ltr'><strong>seniores</strong></span> <span class='ocrx_word' id='word_1_50' title='bbox 882 433 1079 501; x_wconf 60' lang='lat' dir='ltr'>predifi’ti</span> <span class='ocrx_word' id='word_1_51' title='bbox 1100 437 1158 482; x_wconf 82' lang='lat' dir='ltr'>ad</span> <span class='ocrx_word' id='word_1_52' title='bbox 1173 450 1315 498; x_wconf 88' lang='lat' dir='ltr'>quem</span> <span class='ocrx_word' id='word_1_53' title='bbox 1331 434 1405 481; x_wconf 92' lang='lat' dir='ltr'>uel</span> <span class='ocrx_word' id='word_1_54' title='bbox 1420 436 1477 481; x_wconf 90' lang='lat' dir='ltr'>ad</span> <span class='ocrx_word' id='word_1_55' title='bbox 1499 449 1618 498; x_wconf 87' lang='lat' dir='ltr'>quos</span> <span class='ocrx_word' id='word_1_56' title='bbox 1632 434 2008 498; x_wconf 86' lang='lat' dir='ltr'>Juspatronatus.</span> <span class='ocrx_word' id='word_1_57' title='bbox 2046 434 2422 499; x_wconf 83' lang='lat' dir='ltr'>fiueJuspresen·</span> 
     </span>
     <span class='ocr_line' id='line_1_7' title="bbox 201 499 2421 569; baseline -0.002 -16"><span class='ocrx_word' id='word_1_58' title='bbox 201 502 333 554; x_wconf 87' lang='lat' dir='ltr'>tandi</span> <span class='ocrx_word' id='word_1_59' title='bbox 358 506 415 552; x_wconf 89' lang='lat' dir='ltr'>ad</span> <span class='ocrx_word' id='word_1_60' title='bbox 436 502 606 553; x_wconf 65' lang='lat' dir='ltr'>dieram</span> <span class='ocrx_word' id='word_1_61' title='bbox 630 505 851 552; x_wconf 85' lang='lat' dir='ltr'>vicariam</span> <span class='ocrx_word' id='word_1_62' title='bbox 878 518 965 567; x_wconf 90' lang='lat' dir='ltr'>pro</span> <span class='ocrx_word' id='word_1_63' title='bbox 987 510 1206 566; x_wconf 88' lang='lat' dir='ltr'>tempore</span> <span class='ocrx_word' id='word_1_64' title='bbox 1227 499 1506 565; x_wconf 61' lang='lat' dir='ltr'>spefi’tauerit</span> <span class='ocrx_word' id='word_1_65' title='bbox 1542 501 1739 548; x_wconf 84' lang='lat' dir='ltr'>Decano</span> <span class='ocrx_word' id='word_1_66' title='bbox 1764 500 1959 549; x_wconf 83' lang='lat' dir='ltr'>eccleiie</span> <span class='ocrx_word' id='word_1_67' title='bbox 1995 502 2151 551; x_wconf 88' lang='lat' dir='ltr'><strong>nostre</strong></span> <span class='ocrx_word' id='word_1_68' title='bbox 2188 517 2278 569; x_wconf 83' lang='lat' dir='ltr'>pro</span> <span class='ocrx_word' id='word_1_69' title='bbox 2298 508 2421 566; x_wconf 87' lang='lat' dir='ltr'>tem·</span> 
     </span>
     <span class='ocr_line' id='line_1_8' title="bbox 200 567 2419 638; baseline -0.002 -18"><span class='ocrx_word' id='word_1_70' title='bbox 200 587 321 638; x_wconf 84' lang='lat' dir='ltr'>pore</span> <span class='ocrx_word' id='word_1_71' title='bbox 354 570 570 620; x_wconf 85' lang='lat' dir='ltr'>existenti</span> <span class='ocrx_word' id='word_1_72' title='bbox 602 569 825 619; x_wconf 87' lang='lat' dir='ltr'>clericum</span> <span class='ocrx_word' id='word_1_73' title='bbox 848 572 1088 633; x_wconf 87' lang='lat' dir='ltr'>ydoneum</span> <span class='ocrx_word' id='word_1_74' title='bbox 1110 569 1171 614; x_wconf 91' lang='lat' dir='ltr'>de</span> <span class='ocrx_word' id='word_1_75' title='bbox 1204 567 1563 630; x_wconf 80' lang='lat' dir='ltr'>consanguineis</span> <span class='ocrx_word' id='word_1_76' title='bbox 1593 568 1804 616; x_wconf 88' lang='lat' dir='ltr'>eiusdem</span> <span class='ocrx_word' id='word_1_77' title='bbox 1831 569 1923 616; x_wconf 87' lang='lat' dir='ltr'>Dni</span> <span class='ocrx_word' id='word_1_78' title='bbox 1946 569 2173 633; x_wconf 87' lang='lat' dir='ltr'>Johannis</span> <span class='ocrx_word' id='word_1_79' title='bbox 2204 579 2419 636; x_wconf 73' lang='lat' dir='ltr'>gronow</span> 
     </span>
     <span class='ocr_line' id='line_1_9' title="bbox 201 634 2418 706; baseline -0.002 -18"><span class='ocrx_word' id='word_1_80' title='bbox 201 654 460 706; x_wconf 84' lang='lat' dir='ltr'>pauperem</span> <span class='ocrx_word' id='word_1_81' title='bbox 484 640 562 704; x_wconf 88' lang='lat' dir='ltr'>qni</span> <span class='ocrx_word' id='word_1_82' title='bbox 584 637 690 687; x_wconf 64' lang='lat' dir='ltr'>actu</span> <span class='ocrx_word' id='word_1_83' title='bbox 715 637 766 684; x_wconf 79' lang='lat' dir='ltr'>fit</span> <span class='ocrx_word' id='word_1_84' title='bbox 790 636 1020 700; x_wconf 84' lang='lat' dir='ltr'><strong>presbiter</strong></span> <span class='ocrx_word' id='word_1_85' title='bbox 1042 634 1116 681; x_wconf 90' lang='lat' dir='ltr'>uel</span> <span class='ocrx_word' id='word_1_86' title='bbox 1140 634 1220 697; x_wconf 87' lang='lat' dir='ltr'>qui</span> <span class='ocrx_word' id='word_1_87' title='bbox 1244 635 1363 682; x_wconf 75' lang='lat' dir='ltr'>inira</span> <span class='ocrx_word' id='word_1_88' title='bbox 1386 650 1561 683; x_wconf 87' lang='lat' dir='ltr'>annum</span> <span class='ocrx_word' id='word_1_89' title='bbox 1587 634 1614 681; x_wconf 71' lang='lat' dir='ltr'>a</span> <span class='ocrx_word' id='word_1_90' title='bbox 1636 636 1712 683; x_wconf 89' lang='lat' dir='ltr'>die</span> <span class='ocrx_word' id='word_1_91' title='bbox 1733 637 1996 684; x_wconf 88' lang='lat' dir='ltr'>vacationis</span> <span class='ocrx_word' id='word_1_92' title='bbox 2012 637 2340 702; x_wconf 73' lang='lat' dir='ltr'>computando</span> <span class='ocrx_word' id='word_1_93' title='bbox 2360 637 2418 684; x_wconf 88' lang='lat' dir='ltr'>ad</span> 
     </span>
     <span class='ocr_line' id='line_1_10' title="bbox 189 700 2418 767; baseline -0.002 -11"><span class='ocrx_word' id='word_1_94' title='bbox 189 707 516 756; x_wconf 65' lang='lat' dir='ltr'>sacerdotium</span> <span class='ocrx_word' id='word_1_95' title='bbox 536 705 693 755; x_wconf 85' lang='lat' dir='ltr'>valeat</span> <span class='ocrx_word' id='word_1_96' title='bbox 721 703 996 767; x_wconf 87' lang='lat' dir='ltr'>promoueri</span> <span class='ocrx_word' id='word_1_97' title='bbox 1018 700 1047 748; x_wconf 83' lang='lat' dir='ltr'>fi</span> <span class='ocrx_word' id='word_1_98' title='bbox 1067 700 1232 750; x_wconf 85' lang='lat' dir='ltr'>existat</span> <span class='ocrx_word' id='word_1_99' title='bbox 1266 701 1493 767; x_wconf 85' lang='lat' dir='ltr'>Alioquin</span> <span class='ocrx_word' id='word_1_100' title='bbox 1527 702 1725 750; x_wconf 84' lang='lat' dir='ltr'>alte-rum</span> <span class='ocrx_word' id='word_1_101' title='bbox 1750 705 2066 767; x_wconf 81' lang='lat' dir='ltr'>presbiterum</span> <span class='ocrx_word' id='word_1_102' title='bbox 2084 704 2160 752; x_wconf 90' lang='lat' dir='ltr'>uel</span> <span class='ocrx_word' id='word_1_103' title='bbox 2191 703 2418 752; x_wconf 88' lang='lat' dir='ltr'>clericum</span> 
     </span>
     <span class='ocr_line' id='line_1_11' title="bbox 150 765 2418 841; baseline -0.003 -17"><span class='ocrx_word' id='word_1_104' title='bbox 150 787 154 788; x_wconf 68' lang='grc'>’</span> <span class='ocrx_word' id='word_1_105' title='bbox 200 776 281 841; x_wconf 87' lang='lat' dir='ltr'>qui</span> <span class='ocrx_word' id='word_1_106' title='bbox 302 775 422 823; x_wconf 78' lang='lat' dir='ltr'>inira</span> <span class='ocrx_word' id='word_1_107' title='bbox 449 788 623 822; x_wconf 88' lang='lat' dir='ltr'>annum</span> <span class='ocrx_word' id='word_1_108' title='bbox 652 773 709 818; x_wconf 86' lang='lat' dir='ltr'>ad</span> <span class='ocrx_word' id='word_1_109' title='bbox 744 770 1059 817; x_wconf 75' lang='lat' dir='ltr'>sacerdotium</span> <span class='ocrx_word' id='word_1_110' title='bbox 1091 765 1233 831; x_wconf 85' lang='lat' dir='ltr'>possit</span> <span class='ocrx_word' id='word_1_111' title='bbox 1268 771 1546 833; x_wconf 86' lang='lat' dir='ltr'>promoveri</span> <span class='ocrx_word' id='word_1_112' title='bbox 1579 770 1628 819; x_wconf 72' lang='grc' dir='ltr'>ὅ(</span> <span class='ocrx_word' id='word_1_113' title='bbox 1659 780 2001 834; x_wconf 86' lang='lat' dir='ltr'>promoueatur</span> <span class='ocrx_word' id='word_1_114' title='bbox 2032 772 2152 820; x_wconf 79' lang='lat' dir='ltr'>infra</span> <span class='ocrx_word' id='word_1_115' title='bbox 2180 780 2371 837; x_wconf 83' lang='lat' dir='ltr'>tempus</span> <span class='ocrx_word' id='word_1_116' title='bbox 2392 770 2418 818; x_wconf 72' lang='lat' dir='ltr'>a</span> 
     </span>
     <span class='ocr_line' id='line_1_12' title="bbox 200 836 2418 903; baseline -0.003 -12"><span class='ocrx_word' id='word_1_117' title='bbox 200 844 303 891; x_wconf 88' lang='lat' dir='ltr'>iure</span> <span class='ocrx_word' id='word_1_118' title='bbox 327 841 551 889; x_wconf 72' lang='lat' dir='ltr'>statutum</span> <span class='ocrx_word' id='word_1_119' title='bbox 581 839 639 886; x_wconf 93' lang='lat' dir='ltr'>ad</span> <span class='ocrx_word' id='word_1_120' title='bbox 660 836 933 885; x_wconf 87' lang='lat' dir='ltr'>huiusmodi</span> <span class='ocrx_word' id='word_1_121' title='bbox 971 836 1194 884; x_wconf 84' lang='lat' dir='ltr'>vicariam</span> <span class='ocrx_word' id='word_1_122' title='bbox 1225 838 1445 901; x_wconf 82' lang='lat' dir='ltr'>quotiens</span> <span class='ocrx_word' id='word_1_123' title='bbox 1473 838 1618 902; x_wconf 85' lang='lat' dir='ltr'>ipsam</span> <span class='ocrx_word' id='word_1_124' title='bbox 1654 852 1825 886; x_wconf 87' lang='lat' dir='ltr'>vacare</span> <span class='ocrx_word' id='word_1_125' title='bbox 1859 838 2114 902; x_wconf 86' lang='lat' dir='ltr'>contigerit</span> <span class='ocrx_word' id='word_1_126' title='bbox 2150 839 2418 903; x_wconf 82' lang='lat' dir='ltr'><strong>presentare</strong></span> 
     </span>
     <span class='ocr_line' id='line_1_13' title="bbox 199 903 2419 968; baseline -0.003 -9"><span class='ocrx_word' id='word_1_127' title='bbox 199 916 450 960; x_wconf 89' lang='lat' dir='ltr'>teneantur</span> <span class='ocrx_word' id='word_1_128' title='bbox 483 906 575 954; x_wconf 76' lang='lat' dir='ltr'>siue</span> <span class='ocrx_word' id='word_1_129' title='bbox 607 912 826 953; x_wconf 88' lang='lat' dir='ltr'>teneatur</span> <span class='ocrx_word' id='word_1_130' title='bbox 862 904 961 968; x_wconf 84' lang='lat' dir='ltr'>Qi</span> <span class='ocrx_word' id='word_1_131' title='bbox 989 903 1144 951; x_wconf 88' lang='lat' dir='ltr'>eidem</span> <span class='ocrx_word' id='word_1_132' title='bbox 1181 905 1378 953; x_wconf 85' lang='lat' dir='ltr'>Decano</span> <span class='ocrx_word' id='word_1_133' title='bbox 1402 906 1720 953; x_wconf 87' lang='lat' dir='ltr'>obedientiam</span> <span class='ocrx_word' id='word_1_134' title='bbox 1754 908 2071 953; x_wconf 84' lang='lat' dir='ltr'>reuerentiam</span> <span class='ocrx_word' id='word_1_135' title='bbox 2099 906 2149 955; x_wconf 71' lang='grc' dir='ltr'>ὅ(</span> <span class='ocrx_word' id='word_1_136' title='bbox 2178 907 2419 954; x_wconf 84' lang='lat' dir='ltr'>honorem</span> 
     </span>
     <span class='ocr_line' id='line_1_14' title="bbox 196 970 2418 1037; baseline -0.003 -11"><span class='ocrx_word' id='word_1_137' title='bbox 196 977 381 1029; x_wconf 84' lang='lat' dir='ltr'>debitos</span> <span class='ocrx_word' id='word_1_138' title='bbox 415 974 560 1022; x_wconf 88' lang='lat' dir='ltr'>faciet</span> <span class='ocrx_word' id='word_1_139' title='bbox 590 972 640 1022; x_wconf 70' lang='grc' dir='ltr'>ὅ(</span> <span class='ocrx_word' id='word_1_140' title='bbox 677 970 948 1021; x_wconf 88' lang='lat' dir='ltr'>consuetos.</span> <span class='ocrx_word' id='word_1_141' title='bbox 1050 971 1096 1019; x_wconf 89' lang='lat' dir='ltr'>Si</span> <span class='ocrx_word' id='word_1_142' title='bbox 1126 986 1245 1019; x_wconf 88' lang='lat' dir='ltr'>vero</span> <span class='ocrx_word' id='word_1_143' title='bbox 1281 971 1386 1037; x_wconf 89' lang='lat' dir='ltr'>post</span> <span class='ocrx_word' id='word_1_144' title='bbox 1417 981 1624 1020; x_wconf 87' lang='lat' dir='ltr'>mortem</span> <span class='ocrx_word' id='word_1_145' title='bbox 1660 970 1893 1021; x_wconf 58' lang='lat' dir='ltr'>ditiorum</span> <span class='ocrx_word' id='word_1_146' title='bbox 1931 973 2134 1022; x_wconf 90' lang='lat' dir='ltr'>dnorum</span> <span class='ocrx_word' id='word_1_147' title='bbox 2168 972 2418 1021; x_wconf 86' lang='lat' dir='ltr'>testamen-</span> 
     </span>
     <span class='ocr_line' id='line_1_15' title="bbox 196 1036 2417 1106; baseline -0.003 -12"><span class='ocrx_word' id='word_1_148' title='bbox 196 1046 423 1094; x_wconf 88' lang='lat' dir='ltr'>tariorum</span> <span class='ocrx_word' id='word_1_149' title='bbox 443 1041 643 1090; x_wconf 90' lang='lat' dir='ltr'>vicarius</span> <span class='ocrx_word' id='word_1_150' title='bbox 667 1038 716 1089; x_wconf 74' lang='lat' dir='ltr'>&lt;Sc</span> <span class='ocrx_word' id='word_1_151' title='bbox 738 1039 924 1103; x_wconf 86' lang='lat' dir='ltr'>Juratus</span> <span class='ocrx_word' id='word_1_152' title='bbox 943 1036 1068 1092; x_wconf 58' lang='lat' dir='ltr'>diffie</span> <span class='ocrx_word' id='word_1_153' title='bbox 1094 1037 1289 1087; x_wconf 79' lang='lat' dir='ltr'><strong>ecclesie</strong></span> <span class='ocrx_word' id='word_1_154' title='bbox 1314 1037 1453 1088; x_wconf 64' lang='lat' dir='ltr'>santii</span> <span class='ocrx_word' id='word_1_155' title='bbox 1475 1041 1596 1104; x_wconf 88' lang='lat' dir='ltr'>petri</span> <span class='ocrx_word' id='word_1_156' title='bbox 1618 1040 1820 1089; x_wconf 80' lang='lat' dir='ltr'><strong>seniores</strong></span> <span class='ocrx_word' id='word_1_157' title='bbox 1846 1055 1933 1106; x_wconf 90' lang='lat' dir='ltr'>pro</span> <span class='ocrx_word' id='word_1_158' title='bbox 1966 1049 2188 1106; x_wconf 87' lang='lat' dir='ltr'>tempore</span> <span class='ocrx_word' id='word_1_159' title='bbox 2213 1039 2417 1088; x_wconf 85' lang='lat' dir='ltr'>existen-</span> 
     </span>
     <span class='ocr_line' id='line_1_16' title="bbox 197 1104 2436 1173; baseline -0.003 -12"><span class='ocrx_word' id='word_1_160' title='bbox 197 1121 267 1162; x_wconf 88' lang='lat' dir='ltr'><strong>tes</strong></span> <span class='ocrx_word' id='word_1_161' title='bbox 292 1113 339 1160; x_wconf 89' lang='lat' dir='ltr'>in</span> <span class='ocrx_word' id='word_1_162' title='bbox 364 1109 714 1173; x_wconf 87' lang='lat' dir='ltr'>presentatione</span> <span class='ocrx_word' id='word_1_163' title='bbox 739 1107 798 1154; x_wconf 77' lang='lat' dir='ltr'>ad</span> <span class='ocrx_word' id='word_1_164' title='bbox 823 1105 1056 1170; x_wconf 84' lang='lat' dir='ltr'>prefatam</span> <span class='ocrx_word' id='word_1_165' title='bbox 1079 1106 1300 1155; x_wconf 89' lang='lat' dir='ltr'>vicariam</span> <span class='ocrx_word' id='word_1_166' title='bbox 1334 1108 1720 1156; x_wconf 83' lang='lat' dir='ltr'>discordaverint.</span> <span class='ocrx_word' id='word_1_167' title='bbox 1761 1123 1821 1156; x_wconf 86' lang='lat' dir='ltr'>ex</span> <span class='ocrx_word' id='word_1_168' title='bbox 1847 1117 1963 1157; x_wconf 92' lang='lat' dir='ltr'>tunc</span> <span class='ocrx_word' id='word_1_169' title='bbox 1986 1106 2269 1156; x_wconf 66' lang='lat' dir='ltr'>Viceret‘mr</span> <span class='ocrx_word' id='word_1_170' title='bbox 2296 1104 2436 1172; x_wconf 79' lang='lat' dir='ltr'>ejus-¹</span> 
     </span>
     <span class='ocr_line' id='line_1_17' title="bbox 194 1173 2416 1241; baseline -0.002 -13"><span class='ocrx_word' id='word_1_171' title='bbox 194 1181 307 1228; x_wconf 91' lang='lat' dir='ltr'>dem</span> <span class='ocrx_word' id='word_1_172' title='bbox 330 1176 523 1225; x_wconf 79' lang='lat' dir='ltr'>ecclesie</span> <span class='ocrx_word' id='word_1_173' title='bbox 545 1176 624 1239; x_wconf 89' lang='lat' dir='ltr'>qui</span> <span class='ocrx_word' id='word_1_174' title='bbox 647 1189 735 1238; x_wconf 85' lang='lat' dir='ltr'>pro</span> <span class='ocrx_word' id='word_1_175' title='bbox 758 1180 978 1236; x_wconf 87' lang='lat' dir='ltr'>tempore</span> <span class='ocrx_word' id='word_1_176' title='bbox 999 1173 1207 1223; x_wconf 89' lang='lat' dir='ltr'>fueritin</span> <span class='ocrx_word' id='word_1_177' title='bbox 1236 1173 1507 1238; x_wconf 87' lang='lat' dir='ltr'>hujusmodi</span> <span class='ocrx_word' id='word_1_178' title='bbox 1530 1177 1880 1240; x_wconf 87' lang='lat' dir='ltr'>presentatione</span> <span class='ocrx_word' id='word_1_179' title='bbox 1903 1191 2070 1224; x_wconf 89' lang='lat' dir='ltr'>eorum</span> <span class='ocrx_word' id='word_1_180' title='bbox 2096 1175 2304 1241; x_wconf 88' lang='lat' dir='ltr'>superior</span> <span class='ocrx_word' id='word_1_181' title='bbox 2322 1173 2416 1223; x_wconf 79' lang='lat' dir='ltr'>esse</span> 
     </span>
     <span class='ocr_line' id='line_1_18' title="bbox 193 1240 2417 1308; baseline -0.003 -12"><span class='ocrx_word' id='word_1_182' title='bbox 193 1245 388 1296; x_wconf 89' lang='lat' dir='ltr'>debebit</span> <span class='ocrx_word' id='word_1_183' title='bbox 417 1246 486 1293; x_wconf 88' lang='lat' dir='ltr'>Ita</span> <span class='ocrx_word' id='word_1_184' title='bbox 505 1242 728 1292; x_wconf 88' lang='lat' dir='ltr'>videlicet</span> <span class='ocrx_word' id='word_1_185' title='bbox 750 1242 880 1306; x_wconf 81' lang='lat' dir='ltr'>quod</span> <span class='ocrx_word' id='word_1_186' title='bbox 900 1255 1009 1289; x_wconf 89' lang='lat' dir='ltr'>cum</span> <span class='ocrx_word' id='word_1_187' title='bbox 1036 1257 1132 1307; x_wconf 90' lang='lat' dir='ltr'>quo</span> <span class='ocrx_word' id='word_1_188' title='bbox 1154 1240 1340 1290; x_wconf 89' lang='lat' dir='ltr'>illorum</span> <span class='ocrx_word' id='word_1_189' title='bbox 1363 1245 1565 1291; x_wconf 88' lang='lat' dir='ltr'>duorum</span> <span class='ocrx_word' id='word_1_190' title='bbox 1587 1245 1684 1308; x_wconf 79' lang='lat' dir='ltr'>ipie</span> <span class='ocrx_word' id='word_1_191' title='bbox 1707 1245 2073 1292; x_wconf 87' lang='lat' dir='ltr'>concordauerit</span> <span class='ocrx_word' id='word_1_192' title='bbox 2097 1242 2171 1291; x_wconf 91' lang='lat' dir='ltr'>illa</span> <span class='ocrx_word' id='word_1_193' title='bbox 2186 1244 2291 1297; x_wconf 85' lang='lat' dir='ltr'>vice</span> <span class='ocrx_word' id='word_1_194' title='bbox 2315 1257 2417 1307; x_wconf 83' lang='lat' dir='ltr'>per-</span> 
     </span>
     <span class='ocr_line' id='line_1_19' title="bbox 193 1309 2417 1378; baseline -0.003 -14"><span class='ocrx_word' id='word_1_195' title='bbox 193 1314 356 1364; x_wconf 90' lang='lat' dir='ltr'>sonam</span> <span class='ocrx_word' id='word_1_196' title='bbox 391 1313 630 1378; x_wconf 84' lang='lat' dir='ltr'>ydoneam</span> <span class='ocrx_word' id='word_1_197' title='bbox 667 1317 890 1373; x_wconf 83' lang='lat' dir='ltr'>tempore</span> <span class='ocrx_word' id='word_1_198' title='bbox 925 1315 982 1357; x_wconf 80' lang='lat' dir='ltr'>ut</span> <span class='ocrx_word' id='word_1_199' title='bbox 1013 1310 1303 1373; x_wconf 86' lang='lat' dir='ltr'>premittitur</span> <span class='ocrx_word' id='word_1_200' title='bbox 1337 1310 1625 1377; x_wconf 87' lang='lat' dir='ltr'>presentabit</span> <span class='ocrx_word' id='word_1_201' title='bbox 1667 1309 1770 1376; x_wconf 88' lang='lat' dir='ltr'>post</span> <span class='ocrx_word' id='word_1_202' title='bbox 1804 1311 1985 1377; x_wconf 89' lang='lat' dir='ltr'>lapsum</span> <span class='ocrx_word' id='word_1_203' title='bbox 2013 1325 2132 1359; x_wconf 88' lang='lat' dir='ltr'>vero</span> <span class='ocrx_word' id='word_1_204' title='bbox 2179 1309 2417 1359; x_wconf 54' lang='lat' dir='ltr'>dietorurn</span> 
     </span>
     <span class='ocr_line' id='line_1_20' title="bbox 195 1375 2418 1444; baseline -0.003 -13"><span class='ocrx_word' id='word_1_205' title='bbox 195 1382 410 1432; x_wconf 89' lang='lat' dir='ltr'>Centum</span> <span class='ocrx_word' id='word_1_206' title='bbox 433 1380 483 1429; x_wconf 72' lang='lat' dir='ltr'>&lt;Sc</span> <span class='ocrx_word' id='word_1_207' title='bbox 505 1378 671 1444; x_wconf 83' lang='lat' dir='ltr'>viginti</span> <span class='ocrx_word' id='word_1_208' title='bbox 686 1391 920 1425; x_wconf 89' lang='lat' dir='ltr'>annorum</span> <span class='ocrx_word' id='word_1_209' title='bbox 935 1375 1147 1425; x_wconf 87' lang='lat' dir='ltr'>Collatio</span> <span class='ocrx_word' id='word_1_210' title='bbox 1172 1378 1456 1442; x_wconf 86' lang='lat' dir='ltr'>presentatio</span> <span class='ocrx_word' id='word_1_211' title='bbox 1480 1394 1535 1427; x_wconf 90' lang='lat' dir='ltr'>ac</span> <span class='ocrx_word' id='word_1_212' title='bbox 1560 1379 1795 1443; x_wconf 68' lang='lat' dir='ltr'>dispositio</span> <span class='ocrx_word' id='word_1_213' title='bbox 1811 1378 2021 1444; x_wconf 85' lang='lat' dir='ltr'>quelibet</span> <span class='ocrx_word' id='word_1_214' title='bbox 2039 1377 2214 1427; x_wconf 80' lang='lat' dir='ltr'>vicarie</span> <span class='ocrx_word' id='word_1_215' title='bbox 2235 1377 2418 1443; x_wconf 85' lang='lat' dir='ltr'>prefate</span> 
     </span>
     <span class='ocr_line' id='line_1_21' title="bbox 195 1443 2484 1513; baseline -0.003 -14"><span class='ocrx_word' id='word_1_216' title='bbox 195 1454 256 1499; x_wconf 87' lang='lat' dir='ltr'>ad</span> <span class='ocrx_word' id='word_1_217' title='bbox 281 1446 557 1513; x_wconf 89' lang='lat' dir='ltr'>Capitulum</span> <span class='ocrx_word' id='word_1_218' title='bbox 582 1444 791 1495; x_wconf 85' lang='lat' dir='ltr'>nostrum</span> <span class='ocrx_word' id='word_1_219' title='bbox 814 1443 983 1493; x_wconf 91' lang='lat' dir='ltr'>Libere</span> <span class='ocrx_word' id='word_1_220' title='bbox 1004 1444 1289 1493; x_wconf 86' lang='lat' dir='ltr'>deuoluetur</span> <span class='ocrx_word' id='word_1_221' title='bbox 1313 1445 1533 1495; x_wconf 87' lang='lat' dir='ltr'>volumus</span> <span class='ocrx_word' id='word_1_222' title='bbox 1568 1447 1710 1495; x_wconf 88' lang='lat' dir='ltr'>etiam</span> <span class='ocrx_word' id='word_1_223' title='bbox 1736 1448 1957 1512; x_wconf 86' lang='lat' dir='ltr'>quotiens</span> <span class='ocrx_word' id='word_1_224' title='bbox 1985 1443 2209 1495; x_wconf 71' lang='lat' dir='ltr'>antediEti</span> <span class='ocrx_word' id='word_1_225' title='bbox 2243 1445 2422 1494; x_wconf 78' lang='lat' dir='ltr'>Reddi·</span> <span class='ocrx_word' id='word_1_226' title='bbox 2482 1458 2484 1460; x_wconf 87' lang='grc'><strong><em>·</em></strong></span> 
     </span>
     <span class='ocr_line' id='line_1_22' title="bbox 192 1512 2416 1578; baseline -0.003 -10"><span class='ocrx_word' id='word_1_227' title='bbox 192 1525 268 1568; x_wconf 92' lang='lat' dir='ltr'>tus</span> <span class='ocrx_word' id='word_1_228' title='bbox 289 1517 338 1565; x_wconf 91' lang='lat' dir='ltr'>in</span> <span class='ocrx_word' id='word_1_229' title='bbox 365 1523 474 1564; x_wconf 88' lang='lat' dir='ltr'>toto</span> <span class='ocrx_word' id='word_1_230' title='bbox 496 1512 642 1563; x_wconf 71' lang='lat' dir='ltr'>uel&#39;in</span> <span class='ocrx_word' id='word_1_231' title='bbox 667 1520 800 1578; x_wconf 89' lang='lat' dir='ltr'>parte</span> <span class='ocrx_word' id='word_1_232' title='bbox 823 1527 883 1560; x_wconf 86' lang='lat' dir='ltr'>ex</span> <span class='ocrx_word' id='word_1_233' title='bbox 905 1512 1247 1562; x_wconf 87' lang='lat' dir='ltr'>hereditatibus</span> <span class='ocrx_word' id='word_1_234' title='bbox 1270 1513 1318 1561; x_wconf 83' lang='lat'>&amp;</span> <span class='ocrx_word' id='word_1_235' title='bbox 1342 1513 1459 1562; x_wconf 91' lang='lat' dir='ltr'>locis</span> <span class='ocrx_word' id='word_1_236' title='bbox 1475 1515 1666 1578; x_wconf 72' lang='lat' dir='ltr'>pretatis</span> <span class='ocrx_word' id='word_1_237' title='bbox 1688 1523 1770 1562; x_wconf 91' lang='lat' dir='ltr'>aut</span> <span class='ocrx_word' id='word_1_238' title='bbox 1783 1514 1889 1563; x_wconf 88' lang='lat' dir='ltr'>alibi</span> <span class='ocrx_word' id='word_1_239' title='bbox 1912 1513 2149 1578; x_wconf 88' lang='lat' dir='ltr'>redempti</span> <span class='ocrx_word' id='word_1_240' title='bbox 2169 1512 2347 1561; x_wconf 81' lang='lat' dir='ltr'>fuer-int</span> <span class='ocrx_word' id='word_1_241' title='bbox 2363 1519 2416 1562; x_wconf 88' lang='lat' dir='ltr'>ut</span> 
     </span>
     <span class='ocr_line' id='line_1_23' title="bbox 192 1579 2417 1652; baseline -0.003 -18"><span class='ocrx_word' id='word_1_242' title='bbox 192 1584 398 1652; x_wconf 89' lang='lat' dir='ltr'>pecunia</span> <span class='ocrx_word' id='word_1_243' title='bbox 420 1584 530 1632; x_wconf 89' lang='lat' dir='ltr'>inde</span> <span class='ocrx_word' id='word_1_244' title='bbox 551 1581 836 1646; x_wconf 88' lang='lat' dir='ltr'>proueniens</span> <span class='ocrx_word' id='word_1_245' title='bbox 856 1580 916 1627; x_wconf 89' lang='lat' dir='ltr'>de</span> <span class='ocrx_word' id='word_1_246' title='bbox 931 1579 1045 1627; x_wconf 88' lang='lat' dir='ltr'>scitu</span> <span class='ocrx_word' id='word_1_247' title='bbox 1068 1579 1116 1628; x_wconf 73' lang='grc' dir='ltr'>ὅ(</span> <span class='ocrx_word' id='word_1_248' title='bbox 1144 1579 1369 1628; x_wconf 90' lang='lat' dir='ltr'>Concilio</span> <span class='ocrx_word' id='word_1_249' title='bbox 1394 1579 1605 1645; x_wconf 88' lang='lat' dir='ltr'>Capituli</span> <span class='ocrx_word' id='word_1_250' title='bbox 1637 1580 1780 1628; x_wconf 86' lang='lat' dir='ltr'>nostri</span> <span class='ocrx_word' id='word_1_251' title='bbox 1806 1582 1929 1629; x_wconf 90' lang='lat' dir='ltr'>intra</span> <span class='ocrx_word' id='word_1_252' title='bbox 1951 1581 2148 1644; x_wconf 85' lang='lat' dir='ltr'>opidum</span> <span class='ocrx_word' id='word_1_253' title='bbox 2181 1580 2417 1629; x_wconf 88' lang='lat' dir='ltr'>Hambur-</span> 
     </span>
     <span class='ocr_line' id='line_1_24' title="bbox 191 1646 2415 1720; baseline -0.002 -20"><span class='ocrx_word' id='word_1_254' title='bbox 191 1668 304 1720; x_wconf 85' lang='lat' dir='ltr'>gen.</span> <span class='ocrx_word' id='word_1_255' title='bbox 327 1649 403 1698; x_wconf 89' lang='lat' dir='ltr'>uel</span> <span class='ocrx_word' id='word_1_256' title='bbox 423 1657 558 1697; x_wconf 87' lang='lat' dir='ltr'>extra</span> <span class='ocrx_word' id='word_1_257' title='bbox 577 1649 626 1695; x_wconf 88' lang='lat' dir='ltr'>in</span> <span class='ocrx_word' id='word_1_258' title='bbox 649 1647 763 1695; x_wconf 91' lang='lat' dir='ltr'>alios</span> <span class='ocrx_word' id='word_1_259' title='bbox 794 1655 952 1694; x_wconf 85' lang='lat' dir='ltr'>certos</span> <span class='ocrx_word' id='word_1_260' title='bbox 973 1646 1204 1694; x_wconf 84' lang='lat' dir='ltr'>Redditus</span> <span class='ocrx_word' id='word_1_261' title='bbox 1238 1654 1500 1712; x_wconf 88' lang='lat' dir='ltr'>perpetuos</span> <span class='ocrx_word' id='word_1_262' title='bbox 1531 1650 1590 1695; x_wconf 89' lang='lat' dir='ltr'>ad</span> <span class='ocrx_word' id='word_1_263' title='bbox 1608 1648 1743 1697; x_wconf 87' lang='lat' dir='ltr'>vsum</span> <span class='ocrx_word' id='word_1_264' title='bbox 1776 1646 1901 1697; x_wconf 57' lang='lat' dir='ltr'>diste</span> <span class='ocrx_word' id='word_1_265' title='bbox 1934 1648 2111 1696; x_wconf 84' lang='lat' dir='ltr'>vicurie</span> <span class='ocrx_word' id='word_1_266' title='bbox 2132 1647 2415 1711; x_wconf 78' lang='lat' dir='ltr'>quantocius</span> 
     </span>
     <span class='ocr_line' id='line_1_25' title="bbox 194 1711 2417 1785; baseline -0.003 -16"><span class='ocrx_word' id='word_1_267' title='bbox 194 1721 469 1785; x_wconf 85' lang='lat' dir='ltr'>imponatur</span> <span class='ocrx_word' id='word_1_268' title='bbox 503 1716 554 1765; x_wconf 86' lang='lat' dir='ltr'>ln</span> <span class='ocrx_word' id='word_1_269' title='bbox 577 1714 708 1763; x_wconf 90' lang='lat' dir='ltr'>cuius</span> <span class='ocrx_word' id='word_1_270' title='bbox 727 1714 796 1761; x_wconf 88' lang='lat' dir='ltr'>rei</span> <span class='ocrx_word' id='word_1_271' title='bbox 814 1714 1006 1762; x_wconf 88' lang='lat' dir='ltr'>euidens</span> <span class='ocrx_word' id='word_1_272' title='bbox 1029 1711 1348 1762; x_wconf 89' lang='lat' dir='ltr'>testimonium</span> <span class='ocrx_word' id='word_1_273' title='bbox 1373 1714 1611 1779; x_wconf 87' lang='lat' dir='ltr'>presentes</span> <span class='ocrx_word' id='word_1_274' title='bbox 1625 1715 1805 1763; x_wconf 89' lang='lat' dir='ltr'>Literas</span> <span class='ocrx_word' id='word_1_275' title='bbox 1819 1713 1996 1763; x_wconf 87' lang='lat' dir='ltr'>nostras</span> <span class='ocrx_word' id='word_1_276' title='bbox 2020 1715 2129 1763; x_wconf 89' lang='lat' dir='ltr'>inde</span> <span class='ocrx_word' id='word_1_277' title='bbox 2140 1712 2239 1770; x_wconf 84' lang='lat' dir='ltr'>fieri</span> <span class='ocrx_word' id='word_1_278' title='bbox 2260 1727 2417 1763; x_wconf 76' lang='lat' dir='ltr'>aeno·</span> 
     </span>
     <span class='ocr_line' id='line_1_26' title="bbox 184 1779 2416 1850; baseline -0.003 -14"><span class='ocrx_word' id='word_1_279' title='bbox 184 1787 269 1836; x_wconf 58' lang='lat' dir='ltr'>⁴stri</span> <span class='ocrx_word' id='word_1_280' title='bbox 292 1783 435 1850; x_wconf 89' lang='lat' dir='ltr'>Sigilli</span> <span class='ocrx_word' id='word_1_281' title='bbox 456 1781 744 1848; x_wconf 82' lang='lat' dir='ltr'>appenfione</span> <span class='ocrx_word' id='word_1_282' title='bbox 771 1780 970 1829; x_wconf 89' lang='lat' dir='ltr'>fecimus</span> <span class='ocrx_word' id='word_1_283' title='bbox 1003 1782 1288 1829; x_wconf 88' lang='lat' dir='ltr'>communiri</span> <span class='ocrx_word' id='word_1_284' title='bbox 1358 1782 1530 1830; x_wconf 89' lang='lat' dir='ltr'>Datum</span> <span class='ocrx_word' id='word_1_285' title='bbox 1553 1783 1602 1832; x_wconf 71' lang='grc' dir='ltr'>ἃς</span> <span class='ocrx_word' id='word_1_286' title='bbox 1628 1781 1798 1830; x_wconf 58' lang='lat' dir='ltr'>Adrum</span> <span class='ocrx_word' id='word_1_287' title='bbox 1830 1781 2113 1831; x_wconf 87' lang='lat' dir='ltr'>Hamborch</span> <span class='ocrx_word' id='word_1_288' title='bbox 2144 1779 2270 1842; x_wconf 27' lang='lat' dir='ltr'>dicte,</span> <span class='ocrx_word' id='word_1_289' title='bbox 2289 1782 2416 1831; x_wconf 89' lang='lat' dir='ltr'>dioc.</span> 
     </span>
     <span class='ocr_line' id='line_1_27' title="bbox 191 1846 2416 1915; baseline -0.003 -11"><span class='ocrx_word' id='word_1_290' title='bbox 191 1858 338 1904; x_wconf 87' lang='lat' dir='ltr'>Anno</span> <span class='ocrx_word' id='word_1_291' title='bbox 361 1850 388 1900; x_wconf 71' lang='lat' dir='ltr'>a</span> <span class='ocrx_word' id='word_1_292' title='bbox 410 1851 660 1899; x_wconf 87' lang='lat' dir='ltr'>natiuitate</span> <span class='ocrx_word' id='word_1_293' title='bbox 685 1848 765 1896; x_wconf 90' lang='lat' dir='ltr'>dni</span> <span class='ocrx_word' id='word_1_294' title='bbox 788 1846 1033 1896; x_wconf 84' lang='lat' dir='ltr'>Millefimo</span> <span class='ocrx_word' id='word_1_295' title='bbox 1071 1847 1552 1915; x_wconf 80' lang='lat' dir='ltr'>Qadringenteiimo</span> <span class='ocrx_word' id='word_1_296' title='bbox 1586 1849 1810 1900; x_wconf 78' lang='lat' dir='ltr'>vicefimo</span> <span class='ocrx_word' id='word_1_297' title='bbox 1845 1851 1987 1900; x_wconf 87' lang='lat' dir='ltr'>tertio</span> <span class='ocrx_word' id='word_1_298' title='bbox 2009 1850 2087 1898; x_wconf 90' lang='lat' dir='ltr'>die</span> <span class='ocrx_word' id='word_1_299' title='bbox 2109 1848 2329 1900; x_wconf 80' lang='lat' dir='ltr'>vicefima</span> <span class='ocrx_word' id='word_1_300' title='bbox 2351 1849 2416 1899; x_wconf 85' lang='lat' dir='ltr'>se-</span> 
     </span>
    </p>
   </div>
   <div class='ocr_carea' id='block_1_3' title="bbox 190 1913 1283 1979">
    <p class='ocr_par' dir='ltr' id='par_1_3' title="bbox 190 1913 1283 1979">
     <span class='ocr_line' id='line_1_28' title="bbox 190 1913 1283 1979; baseline -0.006 -7"><span class='ocrx_word' id='word_1_301' title='bbox 190 1923 347 1972; x_wconf 81' lang='lat' dir='ltr'>cunda</span> <span class='ocrx_word' id='word_1_302' title='bbox 368 1917 539 1969; x_wconf 79' lang='lat' dir='ltr'>Mensis</span> <span class='ocrx_word' id='word_1_303' title='bbox 561 1914 769 1966; x_wconf 56' lang='lat' dir='ltr'>ostobris</span> <span class='ocrx_word' id='word_1_304' title='bbox 801 1915 850 1964; x_wconf 90' lang='lat' dir='ltr'>in</span> <span class='ocrx_word' id='word_1_305' title='bbox 871 1915 985 1965; x_wconf 90' lang='lat' dir='ltr'>loco</span> <span class='ocrx_word' id='word_1_306' title='bbox 1005 1913 1283 1979; x_wconf 85' lang='lat' dir='ltr'>Capitulari.</span> 
     </span>
    </p>
   </div>
   <div class='ocr_carea' id='block_1_4' title="bbox 1271 2048 1327 2099">
    <p class='ocr_par' dir='ltr' id='par_1_4' title="bbox 1271 2048 1327 2099">
     <span class='ocr_line' id='line_1_29' title="bbox 1271 2048 1327 2099; baseline -0.036 0"><span class='ocrx_word' id='word_1_307' title='bbox 1271 2048 1327 2099; x_wconf 84' lang='lat' dir='ltr'>B.</span> 
     </span>
    </p>
   </div>
   <div class='ocr_carea' id='block_1_5' title="bbox 189 2145 2452 2959">
    <p class='ocr_par' dir='ltr' id='par_1_5' title="bbox 332 2145 2412 2218">
     <span class='ocr_line' id='line_1_30' title="bbox 332 2145 2412 2218; baseline -0.002 -17"><span class='ocrx_word' id='word_1_308' title='bbox 332 2167 397 2218; x_wconf 83' lang='lat' dir='ltr'>go</span> <span class='ocrx_word' id='word_1_309' title='bbox 420 2151 665 2217; x_wconf 87' lang='lat' dir='ltr'>Johannes</span> <span class='ocrx_word' id='word_1_310' title='bbox 687 2149 862 2200; x_wconf 87' lang='lat' dir='ltr'>Moller</span> <span class='ocrx_word' id='word_1_311' title='bbox 883 2149 1119 2216; x_wconf 87' lang='lat' dir='ltr'>presbiter</span> <span class='ocrx_word' id='word_1_312' title='bbox 1142 2145 1190 2201; x_wconf 68' lang='grc' dir='ltr'>ὃς</span> <span class='ocrx_word' id='word_1_313' title='bbox 1212 2145 1437 2215; x_wconf 78' lang='lat' dir='ltr'>poffeffor</span> <span class='ocrx_word' id='word_1_314' title='bbox 1459 2148 1651 2199; x_wconf 60' lang='lat' dir='ltr'>asinalis</span> <span class='ocrx_word' id='word_1_315' title='bbox 1673 2165 1759 2216; x_wconf 87' lang='lat' dir='ltr'>per</span> <span class='ocrx_word' id='word_1_316' title='bbox 1780 2151 1869 2200; x_wconf 89' lang='lat' dir='ltr'>Dei</span> <span class='ocrx_word' id='word_1_317' title='bbox 1892 2152 2090 2217; x_wconf 75' lang='lat' dir='ltr'>gratiam</span> <span class='ocrx_word' id='word_1_318' title='bbox 2119 2151 2257 2199; x_wconf 82' lang='lat' dir='ltr'>huius</span> <span class='ocrx_word' id='word_1_319' title='bbox 2284 2149 2412 2199; x_wconf 88' lang='lat' dir='ltr'>vica-</span> 
     </span>
    </p>

    <p class='ocr_par' dir='ltr' id='par_1_6' title="bbox 361 2217 2410 2284">
     <span class='ocr_line' id='line_1_31' title="bbox 361 2217 2410 2284; baseline -0.003 -15"><span class='ocrx_word' id='word_1_320' title='bbox 361 2221 427 2270; x_wconf 91' lang='lat' dir='ltr'>rie</span> <span class='ocrx_word' id='word_1_321' title='bbox 452 2228 683 2284; x_wconf 86' lang='lat' dir='ltr'>perpetue</span> <span class='ocrx_word' id='word_1_322' title='bbox 707 2234 851 2266; x_wconf 84' lang='lat' dir='ltr'>manu</span> <span class='ocrx_word' id='word_1_323' title='bbox 876 2234 983 2283; x_wconf 87' lang='lat' dir='ltr'>mea</span> <span class='ocrx_word' id='word_1_324' title='bbox 1007 2217 1246 2283; x_wconf 87' lang='lat' dir='ltr'>protestor</span> <span class='ocrx_word' id='word_1_325' title='bbox 1268 2218 1458 2283; x_wconf 81' lang='lat' dir='ltr'>propria</span> <span class='ocrx_word' id='word_1_326' title='bbox 1497 2219 1646 2282; x_wconf 86' lang='lat' dir='ltr'>Qod</span> <span class='ocrx_word' id='word_1_327' title='bbox 1662 2226 1805 2267; x_wconf 78' lang='lat' dir='ltr'>Anno</span> <span class='ocrx_word' id='word_1_328' title='bbox 1820 2222 1900 2268; x_wconf 89' lang='lat' dir='ltr'>dni</span> <span class='ocrx_word' id='word_1_329' title='bbox 1925 2219 2172 2268; x_wconf 77' lang='lat' dir='ltr'>Milleiimo</span> <span class='ocrx_word' id='word_1_330' title='bbox 2195 2218 2410 2282; x_wconf 88' lang='lat' dir='ltr'>quadrin-</span> 
     </span>
    </p>

    <p class='ocr_par' dir='ltr' id='par_1_7' title="bbox 189 2283 2452 2959">
     <span class='ocr_line' id='line_1_32' title="bbox 192 2283 2411 2354; baseline -0.001 -18"><span class='ocrx_word' id='word_1_331' title='bbox 192 2318 197 2323; x_wconf 88' lang='lat'><em>-</em></span> <span class='ocrx_word' id='word_1_332' title='bbox 360 2286 625 2354; x_wconf 81' lang='lat' dir='ltr'>gentesimo</span> <span class='ocrx_word' id='word_1_333' title='bbox 650 2285 988 2351; x_wconf 66' lang='lat' dir='ltr'>Ostuageiimo</span> <span class='ocrx_word' id='word_1_334' title='bbox 1018 2287 1203 2352; x_wconf 85' lang='lat' dir='ltr'>Qinto</span> <span class='ocrx_word' id='word_1_335' title='bbox 1231 2286 1397 2335; x_wconf 84' lang='lat' dir='ltr'>mense</span> <span class='ocrx_word' id='word_1_336' title='bbox 1418 2286 1494 2334; x_wconf 88' lang='lat' dir='ltr'>die</span> <span class='ocrx_word' id='word_1_337' title='bbox 1527 2286 1576 2335; x_wconf 85' lang='lat'>&amp;</span> <span class='ocrx_word' id='word_1_338' title='bbox 1606 2288 1726 2334; x_wconf 89' lang='lat' dir='ltr'>hora</span> <span class='ocrx_word' id='word_1_339' title='bbox 1748 2287 1841 2336; x_wconf 73' lang='grc' dir='ltr'>διε.</span> <span class='ocrx_word' id='word_1_340' title='bbox 1875 2285 1902 2333; x_wconf 74' lang='grc' dir='ltr'>ὲ</span> <span class='ocrx_word' id='word_1_341' title='bbox 1926 2285 2268 2335; x_wconf 85' lang='lat' dir='ltr'>venerabilibus</span> <span class='ocrx_word' id='word_1_342' title='bbox 2300 2283 2411 2333; x_wconf 74' lang='lat' dir='ltr'>viris</span> 
     </span>
     <span class='ocr_line' id='line_1_33' title="bbox 189 2350 2410 2418; baseline -0.003 -13"><span class='ocrx_word' id='word_1_343' title='bbox 189 2354 241 2405; x_wconf 76' lang='grc' dir='ltr'>ὄε</span> <span class='ocrx_word' id='word_1_344' title='bbox 262 2356 362 2404; x_wconf 86' lang='lat' dir='ltr'>dnis</span> <span class='ocrx_word' id='word_1_345' title='bbox 384 2355 690 2405; x_wconf 85' lang='lat' dir='ltr'>Theoderico</span> <span class='ocrx_word' id='word_1_346' title='bbox 718 2353 896 2402; x_wconf 82' lang='lat' dir='ltr'>Muend</span> <span class='ocrx_word' id='word_1_347' title='bbox 918 2354 1138 2418; x_wconf 84' lang='lat' dir='ltr'>Johanne</span> <span class='ocrx_word' id='word_1_348' title='bbox 1163 2352 1418 2402; x_wconf 77' lang='lat' dir='ltr'>GherWen</span> <span class='ocrx_word' id='word_1_349' title='bbox 1452 2354 1650 2402; x_wconf 90' lang='lat' dir='ltr'>Hinrico</span> <span class='ocrx_word' id='word_1_350' title='bbox 1673 2353 1938 2402; x_wconf 82' lang='lat' dir='ltr'>Wasrnodi</span> <span class='ocrx_word' id='word_1_351' title='bbox 1960 2354 2142 2403; x_wconf 83' lang='lat' dir='ltr'>vicariis</span> <span class='ocrx_word' id='word_1_352' title='bbox 2168 2350 2410 2416; x_wconf 88' lang='lat' dir='ltr'>perpetuis</span> 
     </span>
     <span class='ocr_line' id='line_1_34' title="bbox 189 2417 2452 2486; baseline -0.003 -14"><span class='ocrx_word' id='word_1_353' title='bbox 189 2420 494 2472; x_wconf 82' lang='lat' dir='ltr'>Ecclefiarum</span> <span class='ocrx_word' id='word_1_354' title='bbox 515 2423 742 2472; x_wconf 83' lang='lat' dir='ltr'>Lubicen.</span> <span class='ocrx_word' id='word_1_355' title='bbox 765 2422 815 2472; x_wconf 73' lang='lat' dir='ltr'>&lt;Sc</span> <span class='ocrx_word' id='word_1_356' title='bbox 834 2423 1159 2486; x_wconf 83' lang='lat' dir='ltr'>Hamburgen.</span> <span class='ocrx_word' id='word_1_357' title='bbox 1192 2423 1409 2470; x_wconf 89' lang='lat' dir='ltr'>Bremen.</span> <span class='ocrx_word' id='word_1_358' title='bbox 1446 2421 1493 2470; x_wconf 69' lang='grc' dir='ltr'>ὅ(</span> <span class='ocrx_word' id='word_1_359' title='bbox 1518 2420 1749 2473; x_wconf 74' lang='lat' dir='ltr'>Lubicem</span> <span class='ocrx_word' id='word_1_360' title='bbox 1782 2422 1921 2469; x_wconf 89' lang='lat' dir='ltr'>Dioc.</span> <span class='ocrx_word' id='word_1_361' title='bbox 1950 2419 2335 2470; x_wconf 85' lang='lat' dir='ltr'>Testamentariis</span> <span class='ocrx_word' id='word_1_362' title='bbox 2359 2417 2410 2467; x_wconf 70' lang='grc' dir='ltr'>ὅ(</span> <span class='ocrx_word' id='word_1_363' title='bbox 2449 2449 2452 2452; x_wconf 97' lang='grc'>-</span> 
     </span>
     <span class='ocr_line' id='line_1_35' title="bbox 191 2484 2408 2554; baseline -0.004 -14"><span class='ocrx_word' id='word_1_364' title='bbox 191 2489 360 2540; x_wconf 84' lang='lat' dir='ltr'>ultime</span> <span class='ocrx_word' id='word_1_365' title='bbox 380 2490 634 2539; x_wconf 85' lang='lat' dir='ltr'>voluntatis</span> <span class='ocrx_word' id='word_1_366' title='bbox 658 2490 757 2538; x_wconf 87' lang='lat' dir='ltr'>Dni&#39;</span> <span class='ocrx_word' id='word_1_367' title='bbox 770 2490 892 2554; x_wconf 91' lang='lat' dir='ltr'>petri</span> <span class='ocrx_word' id='word_1_368' title='bbox 915 2492 1065 2537; x_wconf 90' lang='lat' dir='ltr'>Mund</span> <span class='ocrx_word' id='word_1_369' title='bbox 1087 2488 1236 2538; x_wconf 88' lang='lat' dir='ltr'>ultimi</span> <span class='ocrx_word' id='word_1_370' title='bbox 1261 2488 1309 2538; x_wconf 68' lang='grc' dir='ltr'>ὅ(</span> <span class='ocrx_word' id='word_1_371' title='bbox 1333 2488 1594 2538; x_wconf 82' lang='lat' dir='ltr'>immediati</span> <span class='ocrx_word' id='word_1_372' title='bbox 1622 2487 1885 2553; x_wconf 75' lang='lat' dir='ltr'>possessoris</span> <span class='ocrx_word' id='word_1_373' title='bbox 1918 2488 2129 2553; x_wconf 84' lang='lat' dir='ltr'>ejusdem</span> <span class='ocrx_word' id='word_1_374' title='bbox 2160 2487 2334 2536; x_wconf 89' lang='lat' dir='ltr'>vicarie</span> <span class='ocrx_word' id='word_1_375' title='bbox 2356 2484 2408 2533; x_wconf 74' lang='grc' dir='ltr'>ἀ</span> 
     </span>
     <span class='ocr_line' id='line_1_36' title="bbox 191 2553 2406 2622; baseline -0.004 -16"><span class='ocrx_word' id='word_1_376' title='bbox 191 2555 410 2606; x_wconf 85' lang='lat' dir='ltr'>beneficii</span> <span class='ocrx_word' id='word_1_377' title='bbox 431 2556 719 2606; x_wconf 79' lang='lat' dir='ltr'>ecclefiastici</span> <span class='ocrx_word' id='word_1_378' title='bbox 742 2556 991 2605; x_wconf 84' lang='lat' dir='ltr'>nonnullas</span> <span class='ocrx_word' id='word_1_379' title='bbox 1015 2565 1167 2605; x_wconf 87' lang='lat' dir='ltr'>certas</span> <span class='ocrx_word' id='word_1_380' title='bbox 1189 2570 1262 2604; x_wconf 89' lang='lat' dir='ltr'>res</span> <span class='ocrx_word' id='word_1_381' title='bbox 1293 2555 1530 2604; x_wconf 81' lang='lat' dir='ltr'>Clenodia</span> <span class='ocrx_word' id='word_1_382' title='bbox 1551 2557 1596 2606; x_wconf 76' lang='grc' dir='ltr'>δε</span> <span class='ocrx_word' id='word_1_383' title='bbox 1620 2564 1745 2605; x_wconf 85' lang='lat' dir='ltr'>bona</span> <span class='ocrx_word' id='word_1_384' title='bbox 1777 2557 1937 2622; x_wconf 87' lang='lat' dir='ltr'>recepi</span> <span class='ocrx_word' id='word_1_385' title='bbox 1961 2555 2212 2621; x_wconf 66' lang='lat' dir='ltr'>spe-stantia</span> <span class='ocrx_word' id='word_1_386' title='bbox 2232 2553 2282 2601; x_wconf 75' lang='grc' dir='ltr'>ὅ(</span> <span class='ocrx_word' id='word_1_387' title='bbox 2305 2565 2406 2615; x_wconf 89' lang='lat' dir='ltr'>per·</span> 
     </span>
     <span class='ocr_line' id='line_1_37' title="bbox 191 2617 2404 2688; baseline -0.004 -14"><span class='ocrx_word' id='word_1_388' title='bbox 191 2626 392 2674; x_wconf 85' lang='lat' dir='ltr'>tinentia</span> <span class='ocrx_word' id='word_1_389' title='bbox 416 2624 476 2672; x_wconf 89' lang='lat' dir='ltr'>ad</span> <span class='ocrx_word' id='word_1_390' title='bbox 498 2625 717 2673; x_wconf 86' lang='lat' dir='ltr'>vicariam</span> <span class='ocrx_word' id='word_1_391' title='bbox 739 2623 1027 2674; x_wconf 56' lang='lat' dir='ltr'>antedictam</span> <span class='ocrx_word' id='word_1_392' title='bbox 1061 2627 1108 2674; x_wconf 90' lang='lat' dir='ltr'>in</span> <span class='ocrx_word' id='word_1_393' title='bbox 1132 2625 1261 2672; x_wconf 88' lang='lat' dir='ltr'>hunc</span> <span class='ocrx_word' id='word_1_394' title='bbox 1281 2626 1480 2672; x_wconf 86' lang='lat' dir='ltr'>modum</span> <span class='ocrx_word' id='word_1_395' title='bbox 1512 2623 1736 2673; x_wconf 86' lang='lat' dir='ltr'>videlicet</span> <span class='ocrx_word' id='word_1_396' title='bbox 1757 2624 1890 2673; x_wconf 86' lang='lat' dir='ltr'>Talia</span> <span class='ocrx_word' id='word_1_397' title='bbox 1917 2625 2070 2688; x_wconf 87' lang='lat' dir='ltr'>primo</span> <span class='ocrx_word' id='word_1_398' title='bbox 2099 2635 2244 2671; x_wconf 89' lang='lat' dir='ltr'>vnum</span> <span class='ocrx_word' id='word_1_399' title='bbox 2275 2617 2404 2667; x_wconf 87' lang='lat' dir='ltr'>Cali-</span> 
     </span>
     <span class='ocr_line' id='line_1_38' title="bbox 191 2685 2404 2757; baseline -0.003 -16"><span class='ocrx_word' id='word_1_400' title='bbox 191 2707 297 2741; x_wconf 87' lang='lat' dir='ltr'>cem</span> <span class='ocrx_word' id='word_1_401' title='bbox 318 2698 597 2757; x_wconf 84' lang='lat' dir='ltr'>argenteum</span> <span class='ocrx_word' id='word_1_402' title='bbox 622 2692 898 2747; x_wconf 85' lang='lat' dir='ltr'>deauratum</span> <span class='ocrx_word' id='word_1_403' title='bbox 921 2692 1003 2742; x_wconf 88' lang='lat' dir='ltr'>sub</span> <span class='ocrx_word' id='word_1_404' title='bbox 1023 2693 1154 2741; x_wconf 88' lang='lat' dir='ltr'>cuius</span> <span class='ocrx_word' id='word_1_405' title='bbox 1174 2692 1299 2756; x_wconf 88' lang='lat' dir='ltr'>pede</span> <span class='ocrx_word' id='word_1_406' title='bbox 1325 2691 1545 2756; x_wconf 86' lang='lat' dir='ltr'>scriptum</span> <span class='ocrx_word' id='word_1_407' title='bbox 1567 2692 1761 2740; x_wconf 85' lang='lat' dir='ltr'>incisum</span> <span class='ocrx_word' id='word_1_408' title='bbox 1783 2689 2130 2754; x_wconf 84' lang='lat' dir='ltr'>&amp;insculptum</span> <span class='ocrx_word' id='word_1_409' title='bbox 2165 2687 2260 2736; x_wconf 87' lang='lat' dir='ltr'>Hic</span> <span class='ocrx_word' id='word_1_410' title='bbox 2281 2685 2404 2735; x_wconf 82' lang='lat' dir='ltr'>calix</span> 
     </span>
     <span class='ocr_line' id='line_1_39' title="bbox 190 2755 2407 2826; baseline -0.003 -18"><span class='ocrx_word' id='word_1_411' title='bbox 190 2761 402 2826; x_wconf 74' lang='lat' dir='ltr'>pertinet</span> <span class='ocrx_word' id='word_1_412' title='bbox 421 2760 479 2806; x_wconf 91' lang='lat' dir='ltr'>ad</span> <span class='ocrx_word' id='word_1_413' title='bbox 499 2756 799 2807; x_wconf 86' lang='lat' dir='ltr'>elemolinam</span> <span class='ocrx_word' id='word_1_414' title='bbox 822 2760 1065 2809; x_wconf 85' lang='lat' dir='ltr'>fundatam</span> <span class='ocrx_word' id='word_1_415' title='bbox 1089 2775 1174 2826; x_wconf 90' lang='lat' dir='ltr'>per</span> <span class='ocrx_word' id='word_1_416' title='bbox 1197 2759 1288 2807; x_wconf 91' lang='lat' dir='ltr'>Dn.</span> <span class='ocrx_word' id='word_1_417' title='bbox 1310 2759 1582 2824; x_wconf 85' lang='lat' dir='ltr'>Johannem</span> <span class='ocrx_word' id='word_1_418' title='bbox 1605 2758 1839 2808; x_wconf 73' lang='lat' dir='ltr'>Gronow</span> <span class='ocrx_word' id='word_1_419' title='bbox 1874 2758 1992 2805; x_wconf 90' lang='lat' dir='ltr'>Item</span> <span class='ocrx_word' id='word_1_420' title='bbox 2019 2772 2165 2805; x_wconf 90' lang='lat' dir='ltr'>unum</span> <span class='ocrx_word' id='word_1_421' title='bbox 2181 2755 2407 2819; x_wconf 90' lang='lat' dir='ltr'>Cooper-</span> 
     </span>
     <span class='ocr_line' id='line_1_40' title="bbox 192 2821 2402 2893; baseline -0.003 -17"><span class='ocrx_word' id='word_1_422' title='bbox 192 2828 454 2893; x_wconf 87' lang='lat' dir='ltr'>pertorium</span> <span class='ocrx_word' id='word_1_423' title='bbox 477 2824 796 2891; x_wconf 87' lang='lat' dir='ltr'>corporalium</span> <span class='ocrx_word' id='word_1_424' title='bbox 825 2835 1046 2876; x_wconf 89' lang='lat' dir='ltr'>ornatum</span> <span class='ocrx_word' id='word_1_425' title='bbox 1089 2844 1105 2876; x_wconf 84' lang='lat'>1</span> <span class='ocrx_word' id='word_1_426' title='bbox 1123 2828 1207 2889; x_wconf 81' lang='lat' dir='ltr'>io)</span> <span class='ocrx_word' id='word_1_427' title='bbox 1248 2827 1298 2876; x_wconf 75' lang='grc' dir='ltr'>ὅ(</span> <span class='ocrx_word' id='word_1_428' title='bbox 1329 2828 1571 2875; x_wconf 83' lang='lat' dir='ltr'>intextum</span> <span class='ocrx_word' id='word_1_429' title='bbox 1609 2827 1750 2874; x_wconf 88' lang='lat' dir='ltr'>certis</span> <span class='ocrx_word' id='word_1_430' title='bbox 1786 2824 2044 2889; x_wconf 86' lang='lat' dir='ltr'>margaritis</span> <span class='ocrx_word' id='word_1_431' title='bbox 2065 2823 2113 2874; x_wconf 73' lang='grc' dir='ltr'>ὅ(</span> <span class='ocrx_word' id='word_1_432' title='bbox 2139 2821 2225 2872; x_wconf 85' lang='lat' dir='ltr'>filis</span> <span class='ocrx_word' id='word_1_433' title='bbox 2250 2822 2402 2871; x_wconf 87' lang='lat' dir='ltr'>aureis</span> 
     </span>
     <span class='ocr_line' id='line_1_41' title="bbox 190 2889 2401 2959; baseline -0.003 -16"><span class='ocrx_word' id='word_1_434' title='bbox 190 2909 300 2943; x_wconf 82' lang='lat' dir='ltr'>cum</span> <span class='ocrx_word' id='word_1_435' title='bbox 324 2897 477 2943; x_wconf 75' lang='lat' dir='ltr'>torma</span> <span class='ocrx_word' id='word_1_436' title='bbox 501 2893 551 2943; x_wconf 74' lang='grc' dir='ltr'>δε</span> <span class='ocrx_word' id='word_1_437' title='bbox 575 2893 865 2958; x_wconf 82' lang='lat' dir='ltr'>ymaginibus</span> <span class='ocrx_word' id='word_1_438' title='bbox 900 2893 1184 2944; x_wconf 86' lang='lat' dir='ltr'>salutationis</span> <span class='ocrx_word' id='word_1_439' title='bbox 1209 2894 1424 2959; x_wconf 87' lang='lat' dir='ltr'>angelice</span> <span class='ocrx_word' id='word_1_440' title='bbox 1444 2909 1553 2941; x_wconf 83' lang='lat' dir='ltr'>cum</span> <span class='ocrx_word' id='word_1_441' title='bbox 1573 2893 1713 2940; x_wconf 86' lang='lat' dir='ltr'>certis</span> <span class='ocrx_word' id='word_1_442' title='bbox 1743 2890 1895 2940; x_wconf 84' lang='lat' dir='ltr'>fibulis</span> <span class='ocrx_word' id='word_1_443' title='bbox 1918 2893 2151 2957; x_wconf 84' lang='lat' dir='ltr'>argenteis</span> <span class='ocrx_word' id='word_1_444' title='bbox 2184 2891 2234 2940; x_wconf 74' lang='grc' dir='ltr'>δι</span> <span class='ocrx_word' id='word_1_445' title='bbox 2256 2889 2401 2938; x_wconf 88' lang='lat' dir='ltr'>etiam</span> 
     </span>
    </p>
   </div>
   <div class='ocr_carea' id='block_1_6' title="bbox 188 2955 2405 3089">
    <p class='ocr_par' dir='ltr' id='par_1_8' title="bbox 188 2955 2405 3089">
     <span class='ocr_line' id='line_1_42' title="bbox 188 2955 2405 3076; baseline -0.004 -65"><span class='ocrx_word' id='word_1_446' title='bbox 188 2962 420 3020; x_wconf 77' lang='lat' dir='ltr'>deauratis</span> <span class='ocrx_word' id='word_1_447' title='bbox 440 2962 694 3013; x_wconf 83' lang='lat' dir='ltr'>continens</span> <span class='ocrx_word' id='word_1_448' title='bbox 731 2960 781 3011; x_wconf 66' lang='grc' dir='ltr'>ὅ(</span> <span class='ocrx_word' id='word_1_449' title='bbox 805 2960 984 3011; x_wconf 78' lang='lat' dir='ltr'>habens</span> <span class='ocrx_word' id='word_1_450' title='bbox 1020 2963 1065 3010; x_wconf 86' lang='lat' dir='ltr'>in</span> <span class='ocrx_word' id='word_1_451' title='bbox 1088 2961 1132 3010; x_wconf 85' lang='lat' dir='ltr'>se</span> <span class='ocrx_word' id='word_1_452' title='bbox 1165 2962 1251 3018; x_wconf 78' lang='lat' dir='ltr'>tria</span> <span class='ocrx_word' id='word_1_453' title='bbox 1277 2959 1539 3026; x_wconf 84' lang='lat' dir='ltr'>corporalia</span> <span class='ocrx_word' id='word_1_454' title='bbox 1562 2960 1621 3008; x_wconf 86' lang='lat' dir='ltr'>de</span> <span class='ocrx_word' id='word_1_455' title='bbox 1654 2961 1840 3025; x_wconf 74' lang='lat' dir='ltr'>optimo</span> <span class='ocrx_word' id='word_1_456' title='bbox 1869 2958 2017 3009; x_wconf 79' lang='lat' dir='ltr'>linteo</span> <span class='ocrx_word' id='word_1_457' title='bbox 2053 2956 2293 3076; x_wconf 63' lang='lat' dir='ltr'>Itemguo</span> <span class='ocrx_word' id='word_1_458' title='bbox 2315 2955 2405 3003; x_wconf 87' lang='lat' dir='ltr'>alia</span> 
     </span>
     <span class='ocr_line' id='line_1_43' title="bbox 2226 3036 2398 3089; baseline -0.017 -15"><span class='ocrx_word' id='word_1_459' title='bbox 2226 3036 2398 3089; x_wconf 70' lang='lat' dir='ltr'>ooper‹</span> 
     </span>
    </p>
   </div>
  </div>
 </body>
</html>
