2541 3415
332 154 519 219 anige
542 163 655 211 3um
667 149 976 212 brobbaust
1007 149 1143 199 bever
1166 149 1409 203 bicatien
1426 150 1662 219 geber-ige
1685 156 1993 221 Scbtifften'.
2197 172 2297 222 277

85 227 254 249 --...

261 231 2308 254 W

151 272 320 336 viginti
348 277 551 337 quatuor
582 267 750 317 solidos
779 269 828 317 in
861 267 1015 333 prima
1045 268 1298 317 Dominica
1339 271 1592 319 Adventus
1633 270 1681 319 ὅ(
1714 272 1918 321 totidem
1957 275 2006 323 in
2047 275 2299 323 Dominica

151 337 350 387 Laetare.
560 360 562 363 ·

90 416 230 465 153¹.
299 409 446 454 Anno
469 402 665 452 Domini
695 402 941 452 Millesimo
969 402 1350 467 ,quingentesimo
1376 402 1610 452 tricesimo
1643 404 1799 468 primo
1834 407 1961 466 obiit,
1984 406 2073 456 Dn.
2101 408 2208 473 Joh.
2236 409 2297 457 de

149 472 470 536 Wetteringe
491 471 710 520 Vicarius
733 467 869 534 hujus
884 470 1122 526 Ecclefiae‚
1139 472 1218 534 qui
1242 471 1373 518 dedit
1395 486 1535 519 unam
1561 486 1782 536 magnam
1806 470 1963 520 oliam.

92 551 234 601 1537.
298 543 444 587 Anno
457 538 548 588 ἃς.
563 537 797 586 tricesimo
810 540 1009 603 septimo
1033 539 1081 586 in
1104 539 1179 585 die
1201 537 1508 586 Exaltationis
1532 540 1576 586 S.
1591 539 1760 587 Crucis
1785 539 1902 586 obiit
1923 539 2301 605 Du.Ludoiphus

150 605 369 656 Gerkens
393 605 600 671 specialis
623 604 901 655 benefactor
925 606 1093 654 domus
1117 621 1294 670 panum
1319 605 1621 654 Vicariorurn
1645 607 1694 654 in
1714 605 1912 653 Ecclefia
1936 605 2107 665 nostra,
2133 611 2207 671 qui
2220 612 2299 657 de*

148 673 219 722 dit
239 674 447 736 redditus
484 675 652 738 viginti
687 689 949 722 marcarum
980 673 1028 721 in
1050 673 1199 721 domo
1229 671 1307 721 sua
1340 673 1621 733 braxatoria‚
1646 688 1788 740 quam
1823 674 2090 738 provisores
2126 690 2301 741 panum

152 750 369 790 emerant
388 743 446 789 ab
466 744 659 789 eodem.

168 865 172 866 ⁷
219 810 349 857 Idem
374 809 468 857 Dn.
484 808 778 872 ‘Ludolphus
801 808 1085 858 deditetiam
1105 807 1624 874 cratheremjmagnu‘m
1649 815 1930 874 argenteum
1960 810 2171 875 panibus·
2204 810 2301 859 Re-

149 876 359 940 quiescat
386 877 433 923 in
457 891 603 941 pace,
638 879 809 928 Amen.
939 888 942 889 ’

219 944 402 991 Eodem
427 959 552 991 anno
575 942 808 992 tricesimo
835 943 1035 1008 septimo
1056 943 1103 991 in
1129 943 1204 992 die
1229 941 1353 992 Ruffi
1377 944 1494 993 obiit
1527 943 1616 991 Dn.
1638 944 1889 993 Conradus
1913 944 2199 1010 Hesterberg
2213 946 2301 994 hu·

144 1006 220 1072 jus
241 1010 453 1059 Ecclefiae
476 1010 524 1060 &
545 1012 590 1059 S.
615 1011 801 1059 Nieolai
823 1011 1039 1059 Vicarius
1063 1011 1142 1075 qui
1166 1012 1296 1059 dedit
1316 1027 1456 1059 unam
1481 1027 1674 1076 paruam
1699 1011 1879 1074 stopam
1901 1022 2188 1077 argenteam.

90 1092 109 1126 ι
125 1092 232 1142 537.
293 1080 439 1125 Anno
459 1078 554 1126 &c.
588 1077 823 1126 tricesimo
838 1076 1013 1126 ostavo
1026 1078 1073 1125 in
1087 1079 1161 1125 die
1175 1078 1218 1126 S.
1234 1077 1396 1127 Priscae
1410 1079 1617 1143 Virginis
1632 1080 1749 1127 obiit
1766 1081 1886 1144 Mgr.
1899 1080 2142 1144 johannes
2155 1079 2302 1131 Kloet

148 1142 289 1206 hujus
313 1143 524 1192 Ecclefiae
547 1144 790 1204 Vicarius‚
836 1146 916 1211 qui
957 1144 1087 1193 dedit
1119 1146 1176 1193 ad
1209 1160 1358 1210 panes
1393 1146 1697 1196 vicariorum
1741 1146 2083 1197 semiducentas
2118 1164 2300 1198 marcas

95 1240 97 1243 ·
145 1212 380 1261 Lubicen.

216 1279 399 1328 Eodem
423 1293 549 1327 anno
586 1277 681 1328 διο.
718 1278 952 1327 tricesimo
975 1278 1149 1330 offiavo
1176 1281 1224 1329 in
1250 1280 1327 1328 die
1360 1281 1590 1329 Cinerum
1627 1282 1745 1330 obiit
1788 1282 1879 1330 Dn.
1918 1282 2152 1333 Henricus
2186 1284 2303 1333 Hid-

148 1345 342 1412 destorp
365 1343 503 1411 hujus
524 1345 977 1411 EcclefiaessVicarius
992 1379 1006 1407 ,
1043 1348 1123 1413 qui
1146 1349 1279 1396 dedit
1302 1364 1503 1414 paruum
1523 1348 1717 1414 ciphum
1739 1358 2018 1415 argenteum
2033 1354 2109 1413 (ut
2128 1351 2302 1418 vulgo)

146 1413 423 1463 Kabbelith.

85 1495 226 1544 1540.
295 1482 416 1530 Item
438 1496 565 1534 anno
586 1482 677 1529 Dn.
693 1481 941 1530 Millefimo
965 1483 1344 1547 quingentesimo
1366 1484 1733 1550 quadragesimo,
1759 1484 1907 1549 prima
1920 1487 2095 1545 Martii,
2121 1487 2301 1552 quifuit

146 1549 295 1597 Lunae
318 1547 421 1614 post
445 1547 571 1597 oculi
593 1549 712 1597 obiit
736 1550 827 1597 Dn.
844 1549 954 1613 Joh:
975 1549 1166 1599 Detleui
1181 1548 1319 1614 hujus
1338 1551 1547 1600 Ecclefiae
1562 1553 1778 1600 Vicarius
1800 1553 1848 1601 ὃ(
1870 1554 2299 1610 Hebdomadarius,

147 1617 227 1681 qui
252 1618 386 1664 dedit
408 1616 466 1664 ad
489 1614 591 1663 usus
615 1616 786 1666 domus
809 1632 985 1681 panum
1013 1626 1208 1666 centum
1231 1633 1410 1668 marcas
1443 1619 1670 1667 Lubicen:
1695 1620 1753 1667 de
1778 1621 1943 1684 quibus
1965 1621 2143 1670 focaria
2164 1622 2299 1689 ipsius

142 1684 355 1733 Anneke
380 1683 581 1732 ClaWes
603 1683 800 1732 habebit
821 1685 978 1733 annue
1002 1686 1213 1750 quinque
1238 1701 1419 1735 marcas
1439 1688 1491 1736 -in
1513 1686 1739 1735 vitalitiis.

216 1750 400 1799 Eodem
424 1766 550 1800 anno
575 1750 668 1801 διε.
692 1751 1066 1817 qnadragefimo,
1092 1754 1282 1801 decimo
1297 1754 1427 1803 sexto
1447 1752 1580 1819 Maji,
1605 1755 1683 1820 qui
1704 1754 1793 1803 fuit
1806 1761 1920 1803 tunc
1944 1756 2044 1805 dies
2070 1764 2300 1822 penteco-

143 1816 253 1876 steS‚
275 1818 395 1867 obiit
408 1819 757 1882 Dn.Johannes
783 1819 1005 1883 Hertiges
1028 1819 1166 1884 hujus
1181 1821 1392 1870 Ecciefiae
1414 1822 1632 1871 Vicarius
1652 1837 1709 1870 ac
1731 1823 1951 1872 Decanus
1964 1824 2300 1889 Calendarum,

145 1886 226 1951 qui
250 1886 380 1935 dedit
402 1901 546 1934 unum
567 1886 787 1935 Chorum
808 1886 990 1951 siliginis
1005 1897 1223 1952 emptum
1239 1905 1325 1956 pro
1342 1890 1688 1955 quadringenta
1712 1891 1876 1938 marcis
1905 1892 2250 1942 Lubicenfibus.

84 1968 230 2017 1542.
292 1957 440 2002 Anno
464 1953 554 2003 δίς.
577 1953 931 2018 quadragefimo
952 1954 1156 2003 secundo
1171 1956 1388 2004 vicesima
1404 1958 1541 2005 tertia
1557 1956 1667 2020 Maji
1682 1958 1801 2005 obiit
1814 1959 2091 2010 venerabilis
2103 1960 2191 2008 Vir
2204 1961 2298 2011 Dn.

148 2021 391 2084 =lohannes
412 2022 473 2067 de
496 2020 739 2069 Oldensen
764 2019 901 2083 hujus
931 2022 1141 2069 Ecclefiae
1166 2022 1441 2071 Canonicus
1476 2026 1555 2089 qui
1575 2025 1707 2072 dedit
1740 2026 1908 2089 viginti
1929 2041 2194 2076 marcarum
2219 2029 2297 2077 de·

147 2087 620 2141 uariorumssredditus
645 2088 693 2134 in
718 2096 1028 2150 augmentum
1052 2104 1228 2151 panum
1244 2091 1563 2140 Vicariorum.

214 2158 359 2201 Anno
382 2153 839 2218 &oquadragefimo
864 2155 1069 2202 secundo
1095 2155 1213 2203 obiit
1243 2156 1333 2203 Dn.
1356 2156 1403 2206 &
1428 2158 1649 2221 Magister
1668 2157 1832 2206 Biafius
1860 2160 2128 2211 Kotzeiitze
2160 2160 2297 2228 hujus

143 2220 357 2269 Ecclefiae
380 2221 613 2279 Vicariu8‚
639 2224 718 2285 qui
741 2221 870 2269 dedit
895 2223 1029 2270 unius
1055 2236 1212 2270 marce
1236 2224 1443 2272 redditus
1466 2224 1492 2271 a
1515 2224 1810 2274 distributore
1832 2228 2200 2295 Hamburgenfis
2212 2233 2297 2280 Ec-

119 2325 124 2327 -
149 2288 292 2343 clefiae
316 2289 612 2337 emonendis.
649 2291 785 2350 (dos)

82 2368 227 2417 1544.
289 2358 433 2403 Anno
454 2356 547 2404 &a
566 2355 918 2420 quadragefimo
945 2364 1131 2421 quartO,
1156 2373 1281 2405 nona
1293 2357 1511 2408 februarii
1525 2360 1644 2408 obiit
1666 2360 1756 2409 Dn.
1777 2362 1988 2412 Luderus
2002 2362 2198 2413 Geruen
2211 2366 2296 2415 hu-

140 2419 219 2486 jus
238 2422 449 2470 Ecclefiae
472 2423 708 2480 Vicarius,
731 2424 811 2488 qui
836 2424 966 2472 dedit
989 2426 1185 2487 panibus
1209 2426 1509 2475 Vicariorum
1549 2428 1738 2491 triginta
1761 2445 1941 2479 marcas
1971 2431 2296 2482 Lubec·dena-

140 2491 348 2547 riorum,
376 2505 489 2554 quas
514 2491 644 2538 dedit
667 2489 840 2538 famula
865 2491 937 2538 sua
959 2492 1199 2540 Koneken
1222 2492 1644 2559 Frerenberges‘.

212 2558 343 2606 Idem
365 2555 681 2605 Dn.Luderus
704 2557 895 2605 Geruen
910 2559 1040 2608 dedit
1065 2568 1268 2624 quatuor
1288 2577 1550 2611 marcarum
1563 2564 1769 2613 redditus
1782 2564 1830 2614 in
1843 2565 2117 2617 haereditate
2133 2567 2295 2618 Twis-
2348 2595 2349 2601 =

146 2622 342 2673 selmans
364 2625 410 2672 in
446 2623 603 2690 platea
634 2626 848 2674 divitum.

212 2693 395 2740 Eodem
420 2707 547 2740 anno
571 2693 662 2742 διε.
680 2692 1035 2758 quadragefimo
1059 2703 1245 2758 quarto,
1261 2704 1424 2761 quarta
1439 2696 1660 2748 Οθῑοὺτίε
1676 2700 1794 2750 obiit
1807 2700 2137 2750 Dn-Nicolaus
2154 2702 2290 2768 Mey-

143 2774 230 2823 ger
243 2759 380 2823 hujus
402 2759 612 2808 Ecclefiae
635 2760 869 2817 VicariuS,
883 2762 960 2825 qui
984 2762 1115 2809 dedit
1126 2761 1307 2827 stopam
1323 2781 1542 2830 magnam
1556 2776 1829 2832 argenteam
1843 2767 2097 2818 &centum
2111 2785 2289 2819 marcas

147 2826 329 2876 Lubec:
352 2842 443 2892 pro
464 2828 721 2877 redditibus
747 2830 1076 2893 comparandis
1101 2846 1188 2893 pro
1210 2831 1411 2881 utilitate
1436 2849 1627 2899 panum.
1761 2830 1765 2837 ’
1943 2896 1944 2899 ¹

75 2906 227 2957 11545.
298 2897 441 2943 Anno
472 2895 564 2946 &a
592 2896 945 2961 quadragefimo
979 2898 1147 2961 quinto
1181 2898 1374 2964 septima
1395 2901 1521 2966 Junii
1553 2903 1672 2951 obiit
1704 2903 1796 2953 Dn.
1826 2903 2071 2954 Valentio:
2098 2906 2291 2953 Hanen·

148 2960 320 3027 kreyer
338 2959 478 3029 hujus
500 2963 713 3016 Ecclefiae
737 2965 992 3034 ⁴Viearius2
1026 2966 1105 3032 qui
1128 2967 1256 3018 dedit
1278 2969 1476 3031 panibus
1501 2971 1801 3024 Vicariorum
1833 2973 2000 3025 decem
2026 2985 2287 3023 marcarum

1229 3032 1368 3100 mim
1414 3053 1434 3101 3
2136 3041 2287 3088 reddi-
