2541 3415
667 151 673 153 '
707 146 950 197 Proceffus
963 147 1144 211 Papalis
1176 148 1710 201 Excommunicatorius.
2217 168 2237 216 3
2253 170 2270 215 3
2286 169 2308 214 5

97 274 312 325 davimus
328 309 342 332 ,
379 275 426 323 ὅ(
448 287 534 320 nos
559 270 948 317 denunciavimus
972 268 1168 315 eosdem
1184 274 1327 331 prout
1349 267 1450 314 haec
1476 267 1523 316 ὃς
1546 269 1631 316 alia
1650 272 1696 316 in
1720 273 1893 320 eisdem
1919 273 2081 320 nostris
2106 272 2307 322 literis&

95 343 382 408 processibus
417 348 584 394 contra
619 353 702 384 eos
726 338 884 384 debite
909 336 1173 391 excecutis,
1217 333 1265 382 ὅ(
1286 350 1379 381 una
1413 349 1521 382 cum
1554 350 1720 384 eorum
1756 341 2112 387 executionibus
2143 355 2306 388 coram

89 412 226 459 nobis
248 424 332 473 per
349 406 594 471 praefatum
629 401 912 468 Magistrum
934 400 1199 462 Jolmnnem
1216 399 1428 467 ,Qentin
1459 405 1791 464 procuratorio
1816 420 1911 468 quo
1935 408 2064 470 supra
2089 407 2301 464 nomine,

86 475 369 541 judicialiter
388 470 683 538 reproduffis
717 472 899 536 plenius
933 472 1241 519 continentur
1272 473 1319 519 dc
1341 466 1591 518 habentur.
1662 471 1719 518 Et
1741 470 1850 518 licet
1872 475 2195 535 praenominati
2218 475 2305 521 hu-

85 543 297 603 jusmodi
319 540 543 589 scelerum
567 548 852 603 patratores,
887 554 1037 604 eaque
1057 536 1156 585 fieri
1180 538 1451 594 mandates,
1482 552 1541 584 cac
1563 539 1611 585 in
1637 537 1732 585 hoc
1755 540 1921 586 dantes
1935 540 2170 598 auxilium,
2193 556 2308 588 con-

91 610 237 659 silium
261 610 308 660 ὅ(
327 609 572 664 favorem,
609 610 867 655 earundem
893 607 1073 655 literam
1112 604 1372 653 nostrarum
1397 604 1447 668 ὅς
1469 604 1769 669 processuum
1808 607 1972 669 vigore
2007 605 2090 652 sint
2113 622 2307 656 excom-

92 679 318 727 municati
340 677 388 726 ὅ(
414 676 638 724 declarati
670 678 717 723 in
740 675 925 723 diversis
956 673 1157 722 ecclesiis
1180 673 1228 722 δε
1250 673 1365 721 locis
1398 671 1595 737 publicis
1615 672 1747 722 dierae
1771 681 1902 721 terrae
1925 688 2092 720 eorum
2117 674 2217 721 satis
2241 676 2308 722 vi·

93 746 207 794 cinis
234 746 283 794 ὅ(
307 744 570 809 contiguis,
603 759 712 791 cum
737 744 796 790 ad
819 758 901 791 eos
929 742 1048 790 infra
1083 743 1283 790 eandem
1318 756 1484 788 eorum
1507 748 1679 789 terram
1709 750 1906 806 propter
1933 748 2115 788 metum
2138 754 2309 804 corpo-

91 815 180 870 ris,
215 821 345 860 tutus
368 827 467 859 non
495 812 681 875 patuit,
722 820 866 874 prout
889 826 979 858 nec
1005 825 1130 857 nunc
1153 817 1286 873 patet
1299 807 1822 873 depraesentiacceffus,
1861 806 2312 874 fueruntpublice&

17 876 23 883 ’
92 880 367 928 solemniter
387 879 712 944 pronunciari,
748 878 807 926 fic
830 880 958 942 quod
983 880 1157 925 dudum
1182 879 1239 924 ad
1263 892 1429 924 eorum
1446 877 1757 924 indubitatam
1784 878 2009 924 devenire
2037 883 2309 939 potuerunt,

88 956 234 1012 prout
254 949 396 995 etiam
420 948 997 1006 devenerunt-,notitiam3
1030 944 1113 1009 Ipsi
1129 953 1290 992 tamen
1305 945 1573 1008 accepimus
1597 941 2309 1006 hujusmodidenuntiationem,

90 1016 428 1062 executionem
461 1014 509 1062 ὅ(
544 1013 913 1061 declarationem
948 1029 1045 1060 non
1079 1013 1415 1069 formidantes,
1440 1014 1658 1069 eandem,
1681 1027 1764 1077 per
1788 1027 1972 1060 novem
1993 1012 2200 1067 menseS,
2233 1011 2311 1058 vel

92 1084 243 1137 circa,
267 1080 606 1136 sustinuerunt,
643 1089 786 1144 prout
819 1082 971 1128 adhuc
1003 1079 1223 1127 sustinent
1248 1080 1412 1127 animis
1446 1081 1754 1144 pertinaciter
1776 1080 2028 1137 induratis,
2068 1095 2158 1126 nec
2181 1093 2310 1125 cura-

90 1156 202 1196 runt
225 1147 357 1195 dietis
381 1148 598 1211 opidanis
623 1151 681 1193 de
712 1145 983 1210 hujusmodi
1005 1163 1170 1195 eorum
1190 1149 1345 1203 rebus,
1368 1148 1502 1195 bonis
1523 1148 1571 1196 <Sc
1596 1150 1828 1196 mercibus
1849 1147 2128 1204 satisfacere,
2154 1160 2310 1206 neque

91 1216 150 1262 ad
177 1213 340 1261 sancitae
367 1216 527 1262 matris
553 1214 755 1263 ecclefiae
777 1217 927 1263 redire
954 1218 1213 1279 unitatem,
1247 1223 1390 1279 prout
1411 1230 1501 1263 nec
1535 1223 1702 1263 curant
1731 1218 1791 1264 de
1821 1215 2032 1280 praesenti
2056 1216 2100 1261 in
2138 1215 2310 1261 anima-

87 1293 192 1329 rum
214 1280 393 1328 suarum
418 1296 561 1345 grave
584 1282 862 1346 periculum,
898 1281 1228 1347 di&orumque
1259 1283 1575 1345 opidanorum
1597 1297 1694 1330 non
1722 1283 1964 1330 modicum
1988 1280 2312 1346 praejudicium

89 1364 145 1397 ac
169 1347 435 1396 scandalum
451 1382 464 1405 ,
503 1349 550 1397 ὅ(
574 1351 888 1412 perniciosum
922 1350 1193 1414 exemplum
1218 1349 1539 1415 plurimorum.
1608 1351 1768 1414 Qare
1791 1350 1960 1396 fuimus
1994 1365 2077 1412 per
2101 1350 2308 1396 eundem

89 1416 158 1465 M.
184 1412 447 1472 Johannem
470 1415 684 1481 Qentin
708 1416 1068 1482 procfiratorio,
1101 1434 1198 1481 quo
1222 1418 1354 1482 supra
1377 1419 1597 1474 nomine,
1634 1419 1791 1465 debita
1813 1416 2146 1465 cuminstantia
2158 1418 2312 1480 requi-

89 1483 186 1540 siti,
229 1491 458 1547 quatenus
485 1485 562 1530 sibi
586 1485 721 1547 super
745 1485 870 1541 hoc,
908 1488 966 1533 de
991 1484 1204 1532 ulteriori
1226 1486 1439 1532 remedio
1456 1494 1623 1532 contra
1647 1485 1863 1548 praefatos
1878 1482 2184 1532 fores'astores
2200 1498 2311 1546 pro-

86 1550 248 1598 videre
261 1551 576 1612 dignaremur.
648 1552 750 1597 Nos
774 1560 887 1598 tunc
908 1553 1211 1598 attendentes
1236 1549 1510 1614 hujusmodi
1536 1553 1819 1615 petitionem
1843 1552 1945 1599 fore
1966 1549 2150 1613 justam,
2174 1551 2221 1599 ὅ(
2241 1566 2310 1597 ra-

85 1617 207 1665 tioni
231 1616 517 1674 consonam,
551 1617 867 1682 volentesque
893 1612 938 1667 in
961 1615 1232 1682 hujusmodi
1268 1620 1466 1682 negotio
1491 1619 1538 1667 ὃς
1562 1617 1696 1665 causa
1728 1619 1816 1666 rite
1847 1619 2056 1681 legitime
2080 1619 2312 1681 procede-
2386 1674 2389 1678 x
2449 1658 2452 1659 γ

87 1698 167 1742 re,
201 1685 258 1732 ad
280 1683 504 1748 praelibati
523 1681 747 1748 Magistri
765 1683 1003 1743 Johafmis
1023 1684 1264 1753 Qem‘in,
1287 1686 1644 1750 procuratorio,
1680 1701 1774 1750 quo
1801 1687 1961 1749 supra,
1986 1687 2208 1740 nomine,
2244 1686 2311 1732 in·

88 1751 303 1799 stantiam
339 1754 534 1799 eosdem
569 1750 810 1801 «S'teclerum
843 1751 1087 1807 Adekens,
1123 1753 1322 1801 Ebonem
1357 1749 1753 1815 Hannekefiades,
1786 1750 1981 1801 Siadum
2015 1749 2314 1801 Rodelmnne-

87 1816 176 1866 ken
199 1816 433 1867 Alverdes
468 1819 516 1868 ὅ(
540 1819 655 1867 alios
680 1820 884 1883 superius
906 1821 1177 1872 nominatos
1204 1822 1250 1868 in
1268 1822 1447 1886 specie,
1486 1836 1747 1885 omnesque
1763 1819 2156 1885 alios&singulos
2179 1827 2312 1868 terrae

95 1884 339 1946 Wurfirtiae
362 1887 704 1935 inhabitatores
727 1888 774 1937 ὃς
797 1888 975 1936 incolas
1000 1903 1060 1936 ex
1093 1888 1286 1937 adverso
1311 1888 1589 1953 principales
1611 1889 1659 1936 in
1683 1903 1859 1952 genere
1882 1904 1967 1952 per
1990 1888 2168 1936 nostras
2192 1889 2310 1935 certi

88 1955 270 2001 tenoris
295 1953 449 2000 literas
472 1952 626 2001 Lubek
657 1956 704 2001 in
739 1955 886 2004 valvis
927 1957 1007 2003 seu
1034 1958 1182 2019 portis
1219 1959 1356 2004 curiae
1386 1957 1550 2005 nostrae
1579 1957 1780 2011 ibidem,
1816 1955 2005 2004 minora
2036 1952 2312 2004 Reinevelde

90 2025 404 2078 nUssCUP'ataea
441 2035 580 2078 quarn
617 2023 793 2069 dudum
815 2038 902 2080 pro
928 2025 1163 2071 auditorio
1186 2025 1366 2088 negotii
1398 2024 1445 2073 &
1472 2026 1617 2072 causae
1653 2021 1927 2086 hujusmodi
1960 2024 2311 2086 deputavimus,

89 2097 180 2129 nec
201 2097 299 2128 nou
327 2082 657 2128 honorabilem
678 2085 832 2129 virum
856 2084 1120 2130 Dominum
1141 2086 1389 2135 Nicolaum
1419 2088 1754 2147 Deghenbardi
1783 2105 1947 2136 eorum
1973 2094 2030 2136 ad
2061 2090 2185 2136 hanc
2203 2103 2310 2135 cau-

88 2150 181 2197 sam
209 2156 568 2212 procuratorem
590 2147 894 2196 constitutum
922 2149 1092 2196 Lubek
1116 2149 1423 2213 personaliter
1447 2155 1788 2214 apprehensum
1813 2155 1867 2210 &A
1883 2150 2144 2213 injun&um
2168 2157 2225 2200 ad
2245 2158 2310 2202 di-

89 2219 294 2264 cendum
319 2215 366 2264 <Sc
392 2217 735 2279 opponendum
759 2215 982 2279 quicquid
1004 2217 1153 2263 verbo
1175 2216 1248 2263 vel
1262 2218 1308 2263 in
1324 2215 1500 2280 scriptis
1528 2224 1694 2265 contra
1718 2215 1863 2266 dicitas
1885 2218 2063 2266 nostras
2087 2212 2241 2267 literas
2262 2221 2312 2269 ὅ(

87 2281 327 2348 processus
352 2284 896 2339 excommunicatorios,
934 2281 1298 2339 declaratorios,
1337 2298 1560 2330 earumve
1586 2286 1922 2343 executiones,
1946 2286 2004 2334 fic
2030 2295 2082 2334 ut
2108 2289 2310 2350 praemit-

88 2352 202 2398 titur
226 2348 530 2413 repromittas
559 2351 715 2397 dicere
741 2349 831 2397 five
856 2364 1104 2415 opponere
1124 2349 1269 2398 vellet
1287 2384 1301 2406 ,
1340 2365 1423 2414 per
1447 2352 1672 2399 nuncium
1705 2351 1911 2400 nostrum
1935 2351 2141 2416 juratum
2176 2355 2310 2402 citari

87 2420 412 2464 mandavimus
438 2418 483 2465 ὅ(
505 2418 703 2464 fecimus
726 2419 784 2465 ad
807 2428 987 2464 certum
1014 2419 1389 2482 peremptorium
1413 2420 1665 2466 terminum
1691 2428 2066 2484 competentem.
2137 2422 2188 2468 In
2213 2437 2309 2485 quo

87 2487 356 2548 comparuit
382 2499 541 2530 coram
571 2486 704 2532 nobis
730 2484 998 2547 saepe-dietus
1033 2481 1261 2548 Magister
1284 2484 1529 2542 Johannes
1560 2486 1773 2553 Qentin
1806 2489 2165 2551 procuratorio,
2213 2504 2309 2553 quo

86 2551 246 2616 supra,
283 2553 503 2607 nomine,
537 2551 583 2600 ὃ(
612 2549 755 2600 όίᾶειε
781 2551 936 2600 literas
960 2553 1197 2600 citatorias
1221 2553 1268 2599 in
1293 2552 1441 2600 valvis
1467 2555 1539 2601 seu
1564 2555 1711 2618 portis
1736 2554 2000 2612 antediitiS,
2025 2557 2184 2605 debite
2198 2571 2305 2603 exe-

90 2632 222 2667 cutas
247 2617 372 2667 facito
389 2652 402 2675 ,
433 2618 617 2670 realiter
640 2619 686 2668 &
709 2619 936 2682 inscriptis
963 2620 1201 2675 exhibuit,
1248 2620 1596 2685 citatorumque
1623 2623 1668 2668 iu
1693 2622 1858 2670 iisdem
1882 2631 2221 2671 contentorum
2246 2638 2306 2670 ex

88 2686 284 2734 adverso
306 2686 630 2751 principalium
662 2702 717 2733 ac
740 2687 974 2750 prefatum
992 2688 1247 2734 Dominum
1263 2686 1511 2736 Nicolaum
1525 2686 1863 2752 Deghewhardz'
1893 2705 2057 2738 eorum
2088 2706 2308 2756 procura-

88 2761 244 2801 torem
272 2769 367 2800 non
393 2764 779 2816 comparentem,
829 2769 982 2816 neque
1016 2755 1266 2817 quicquam
1300 2758 1344 2803 in
1382 2759 1529 2803 verbo
1554 2756 1632 2804 vel
1666 2758 1713 2804 in
1740 2757 1914 2822 scriptis
1950 2766 2117 2806 contra
2152 2758 2305 2805 literas

81 2819 266 2867 ‘nostras
293 2820 341 2869 ὅ(
364 2821 601 2885 procesius
627 2822 1142 2869 excommunicatorios
1166 2821 1213 2872 <Sc
1236 2822 1570 2872 declaratorios
1595 2824 1888 2878 antedifiws,
1919 2840 2180 2890 eorumque
2195 2840 2306 2871 exe·

38 2936 40 2938 .
91 2889 309 2935 curiones
332 2891 489 2935 dicere
517 2889 608 2938 sive
643 2904 891 2953 opponere
913 2898 1184 2946 curantem,
1223 2899 1558 2939 contumacem
1590 2892 1851 2949 accusavit,
1897 2893 2113 2957 ipsosque
2139 2899 2308 2939 contu-

94 2969 254 3003 maces
281 2956 486 3019 reputari
508 2959 720 3023 petendo
735 2989 749 3017 ,
788 2971 906 3022 quos
929 2964 1069 3018 tune,
1095 2967 1238 3022 prout
1262 2966 1363 3008 erat
1381 2961 1705 3026 reputavimus
1728 2962 1899 3011 merito
1915 2969 2222 3074 continnae?
2239 2955 2308 3020 ju-

2227 3027 2306 3074 itia
