2541 3415
375 199 564 264 ίὲίηὲςςε
588 211 698 256 §um
711 184 1042 257 brobrbanse
1068 195 1202 246 beret·
1225 194 1467 249 'Dicat-ten
1482 195 1717 264 gebbtige
1743 201 2048 266 Sibrifflen.
2200 217 2303 266 -279

87 317 137 367 ἔτ
160 319 238 382 qui
259 320 306 365 in
329 314 493 363 tuturis
517 312 815 375 temporibus
837 311 1089 375 participes
1114 309 1212 360 fieri
1235 315 1461 376 poterint,
1487 316 1616 376 quod
1641 317 1719 380 ipsi
1747 334 1888 381 panes·
1906 337 2000 367 non
2027 328 2305 384 reputantur

89 386 287 433 nomine
306 380 541 431 me'tuum
563 377 908 426 beneficiorum
932 377 1006 425 seu
1035 379 1309 431 vicariatum
1333 381 1379 428 in
1405 379 1528 429 di&a
1545 382 1778 438 ‘Ecclefich
1817 401 1902 432 nec
1930 389 1975 434 in
1997 387 2186 445 valore,
2214 400 2305 433 nec

87 454 148 500 de
170 463 373 515 corpore
400 444 741 495 beneficiorum
771 447 846 494 seu
875 446 1158 495 vicariorum
1188 449 1236 495 in
1258 447 1483 505 Ecclesia,
1530 464 1621 497 nec
1644 449 1894 497 accessoria
1928 454 2027 501 sunt
2060 457 2115 502 ad
2138 456 2305 502 eadem

91 516 336 569 beneficia,
367 515 443 563 sed
467 515 638 562 dantur
655 529 745 577 pro
767 514 966 561 Vicariis
990 516 1337 580 duntaxat,qui
1363 518 1420 564 ad
1445 513 1719 578 hujusmodi
1743 533 1886 581 panes
1913 534 1993 581 per
2018 522 2130 569 tales
2158 521 2306 585 quiad

87 587 184 634 hoc
211 585 314 633 sunt
335 579 1082 647 deputati,recipiunturvejuxta
1104 585 1297 631 modum
1313 583 1361 633 ὅς
1385 584 1958 648 formaminfralcriptam.
1996 586 2132 634 Salvo
2148 597 2306 634 tamen

86 654 216 717 quod
239 652 451 699 debitam
474 664 642 697 eorum
669 652 726 696 ad
753 646 1024 712 hujusmodi
1046 665 1219 714 panum
1243 653 1633 715 augmentionem
1661 660 1771 699 ante
1785 654 1942 700 omnia
1956 654 2240 717 persolvant,
2257 654 2304 704 ὃ(

84 721 148 767 sic
168 735 343 784 panum
367 714 638 780 hujusmodi
662 716 924 764 distributio
951 716 1015 764 est
1040 733 1111 766 res
1133 717 1292 774 libera,
1309 720 1492 783 privata
1507 718 1555 768 ὅ(
1569 721 1758 784 propria
1774 721 2188 785 duntaxatpanum
2204 735 2309 785 per-f

85 787 362 853 cipientium
386 786 433 835 δε
456 787 515 832 ad
544 800 711 832 eorum
731 782 1080 849 dispositionem
1104 786 1335 834 reservata
1359 787 1405 836 <Sc
1429 802 1527 835 non
1552 786 1673 834 alias.

194 870 234 915 5.
271 854 391 901 Item
416 867 560 918 panes
584 850 884 916 hujusmodi,
919 852 1076 901 multis
1101 854 1176 901 seu
1202 853 1408 917 pluribus
1432 855 1630 902 Vicariis
1658 864 1856 920 propter
1890 853 2037 902 multa
2062 852 2219 917 grauia
2243 852 2309 899 di-

87 922 276 985 spendia
301 921 348 970 ὃς
370 923 676 969 incommoda
691 935 745 968 ac
767 921 1014 968 diuturnos
1041 937 1094 968 ac
1109 922 1319 986 prolixos
1333 922 1516 970 labores
1533 938 1623 970 nec
1649 939 1745 969 non
1771 933 1967 986 propter
1981 920 2192 969 detefflus
2206 921 2315 973 red-1

78 991 270 1038 dituum
293 990 388 1036 dari
413 989 461 1036 ὅ(
484 986 687 1035 distribui
711 1003 806 1034 non
832 985 1037 1050 possunt,
1052 990 1159 1036 ideo
1181 1005 1401 1038 numerus
1417 990 1462 1039 <Sc
1480 992 1712 1054 quantitas
1734 990 2034 1055 personarum
2050 988 2311 1054 percipien-

78 1058 202 1106 tium
226 1057 370 1104 debet
391 1054 497 1102 effe.
580 1056 638 1102 Et
658 1071 755 1102 non
788 1054 907 1102 ultra
939 1056 983 1102 se
1005 1057 1248 1104 extendat.

185 1127 229 1171 6.
265 1125 383 1170 item
399 1123 575 1169 Vicarii
591 1137 977 1187 quarumcunque
995 1132 1329 1189 perpetuarum
1355 1124 1648 1172 Vicariarum
1664 1124 1766 1189 post
1787 1124 1976 1172 annos*
2001 1122 2190 1171 Domini
2207 1120 2308 1169 Mil-

0 1197 13 1222 7
83 1190 293 1238 lesimum
318 1189 830 1254 quadringentefimum
857 1190 1037 1239 sextum
1072 1195 1117 1240 iu
1154 1183 1353 1241 Ecclelia
1376 1193 1508 1258 supra
1533 1191 1654 1240 dicta
1676 1193 1768 1241 five
1791 1193 1910 1239 infra
1934 1189 2033 1255 ejus
2056 1190 2182 1255 septa
2207 1191 2307 1236 tun-

71 1259 299 1306 -datarum
324 1256 402 1305 vel
425 1257 772 1305 fundandarum
796 1257 822 1303 a
847 1261 1157 1323 perceptione
1183 1276 1356 1325 panum
1382 1259 1710 1323 praedi&orum
1739 1269 2024 1324 perpetuum
2045 1257 2214 1305 exclusi
2229 1259 2311 1304 de«

85 1328 232 1375 beant
262 1338 557 1390 permanere.
628 1324 723 1372 Nisi
747 1325 874 1372 forte
900 1326 1076 1374 Vicarii
1100 1329 1415 1393 percipientes
1448 1324 1714 1389 hujusmodi
1739 1342 1884 1391 panes
1919 1343 2004 1391 pro
2028 1327 2184 1390 aliquo
2211 1324 2308 1389 spe—

85 1393 191 1442 clali
213 1393 261 1442 &
280 1389 537 1443 necessario
564 1393 827 1440 commodo
854 1391 1138 1459 assequendo
1170 1395 1302 1444 aliter
1337 1395 1535 1458 desuper
1563 1394 1834 1443 deliberant.

186 1474 233 1523 7.
269 1461 388 1507 Item
412 1458 577 1507 Nullus
599 1461 658 1507 ad
690 1462 1052 1524 perceptionem
1077 1478 1250 1525 panum
1274 1461 1604 1526 praedie‘torum
1629 1465 1929 1516 admittatur,
1963 1458 2044 1506 nifi
2067 1459 2118 1507 fit
2140 1460 2310 1524 aliqua·

59 1543 189 1589 §rum
215 1528 511 1591 antiquarum
534 1527 833 1574 Vicariarum
858 1527 1225 1590 supradi&arum
1250 1528 1522 1592 frusiusque
1545 1528 1724 1576 illarum
1749 1530 1910 1593 quiete
1933 1527 1981 1576 ὅ(
2005 1527 2308 1591 personaliter

78 1591 392 1661 'percipiendo
416 1592 637 1657 pacificus
661 1593 709 1643 ὅ(
735 1608 835 1641 non
862 1591 998 1643 fietus
1028 1596 1269 1653 Vicarius,
1297 1612 1395 1643 non
1420 1603 1588 1643 contra
1610 1596 1729 1659 Juris
1754 1594 2099 1660 dispositionem
2126 1594 2307 1643 illicitus

66 1660 334 1728 possessor,
361 1660 465 1710 austu
492 1661 735 1716 sacerdos,
756 1659 1094 1727 laudabilisque
1119 1666 1228 1712 vitae
1254 1664 1302 1713 ὅ(
1325 1664 1725 1719 conversationis,
1746 1664 1794 1712 δε
1827 1663 1904 1727 qui
1929 1662 2003 1708 sua
2038 1659 2194 1710 officia
2227 1663 2309 1709 Sa-

82 1729 340 1778 cerdotalia
353 1728 491 1793 juxta
513 1727 777 1777 samiorum
809 1737 997 1793 patrum
1026 1732 1247 1789 Decreta,
1272 1732 1628 1795 Canonumque
1654 1730 1860 1778 instituta
1884 1727 1988 1777 astu
2014 1737 2235 1777 exerceat
2259 1728 2309 1778 ὅ(

82 1797 379 1863 exsequatur.
451 1798 599 1844 Etiam
615 1798 744 1861 quod
763 1795 914 1845 miffas
939 1800 1084 1847 tribus
1108 1800 1290 1849 vicibus
1313 1815 1474 1848 coram
1498 1798 1631 1847 altari
1651 1799 1736 1847 suae
1760 1799 1942 1847 vicariae
1962 1805 2216 1861 antequam
2230 1797 2307 1845 ad-

82 1866 299 1914 mittatur
337 1862 601 1916 celebrarit.

184 1940 230 1989 8.
265 1934 414 1990 Item,
437 1933 567 1997 quod
592 1931 788 1997 quilibet
822 1933 880 1980 ad
906 1932 1174 1997 praedithm
1205 1935 1566 1999 perceptionem
1602 1945 1777 1998 panum
1811 1931 2130 1997 admittendus
2163 1932 2311 1992 debet

83 2002 133 2049 in
155 2001 718 2049 communiVicariorum
732 2002 1087 2048 convocatione
1109 2001 1348 2049 humiliter
1362 2010 1559 2066 propter
1573 2002 1726 2048 Deum
1741 2034 1754 2056 ,
1780 2002 1838 2046 ad
1853 1998 2124 2061 hujusmodi
2145 2013 2308 2062 panes,

84 2074 310 2131 tanquam
337 2067 395 2113 ad
419 2067 507 2113 hos
532 2064 822 2129 qualificatus
845 2068 889 2113 se
914 2069 1100 2115 admitti
1123 2076 1302 2132 petere.
1371 2070 1428 2115 Et
1450 2067 1554 2130 post
1576 2065 1928 2122 admistionem,
1953 2081 2040 2130 pro
2059 2074 2168 2113 taxa
2192 2080 2306 2113 con-

83 2148 215 2197 grua,
240 2134 398 2181 dedita
421 2133 470 2182 ὅ(
493 2134 842 2197 compententi,
865 2132 968 2180 illos
994 2137 1050 2180 ad
1074 2142 1263 2198 tempus
1288 2135 1396 2182 vitae
1423 2135 1506 2182 suae
1522 2137 1777 2191 duntaxat,
1799 2134 1847 2182 ἀ
1870 2149 1970 2181 non
1995 2132 2057 2180 sui
2082 2131 2307 2180 succeffo-

81 2216 184 2258 res,
208 2200 479 2257 exsolvere,
505 2200 553 2248 ὅ(
577 2198 681 2263 post
705 2199 988 2247 solutionem
1013 2199 1185 2248 saetam
1201 2235 1214 2257 ,
1239 2202 1463 2265 portione
1488 2201 1562 2249 sua
1584 2217 1759 2265 panum
1776 2202 1832 2248 ad
1855 2200 1990 2248 unius
2005 2201 2183 2249 dimidii
2197 2200 2307 2248 anni

83 2269 284 2334 spatium
299 2307 312 2326 ‚
338 2267 610 2316 immediate
634 2266 883 2331 sequentis,
910 2267 936 2314 a
956 2269 1031 2314 die
1046 2269 1301 2332 emptionis
1317 2267 1540 2316 inclusive
1554 2270 1899 2333 computando,
1922 2282 2082 2315 carere
2098 2268 2305 2319 debebit.

183 2350 229 2396 9.
265 2336 407 2392 Item,
430 2334 624 2399 quilibet
655 2339 905 2398 percipens
938 2350 1082 2397 panes
1106 2332 1378 2398 hujusmodi
1410 2335 1489 2384 sub
1513 2337 1596 2384 suis
1629 2336 1918 2388 orationibus
1952 2336 2097 2383 debet
2129 2336 2307 2383 habere

83 2403 367 2450 memoriam
403 2406 664 2465 primorum
695 2417 840 2466 panes
863 2402 1202 2451 instituentium
1239 2403 1284 2453 ὅ(
1304 2403 1609 2452 fundatorum
1635 2403 1822 2453 &illius
1852 2400 2061 2451 defunffi
2093 2403 2140 2451 in
2171 2401 2306 2467 cujus

82 2469 245 2517 locum
273 2470 468 2517 intravit
496 2470 544 2518 ὅ(
567 2468 771 2517 fimiliter
794 2471 1006 2517 omnium
1043 2469 1402 2519 benefastorum
1435 2475 1491 2519 ad
1515 2487 1658 2535 panes
1692 2467 1964 2535 hujusmodi
1999 2471 2076 2519 sua
2107 2470 2306 2535 largien-

84 2537 204 2586 tium
231 2537 280 2586 &
305 2537 519 2584 omnium
543 2534 749 2584 fidelium
770 2536 1121 2585 desumitorum.

194 2619 267 2652 10.
306 2605 426 2652 Item
451 2604 645 2668 quilibet
671 2604 906 2668 particeps
931 2620 1104 2668 panum
1137 2600 1406 2666 hujusmodi
1430 2605 1612 2670 singulis
1646 2604 1878 2654 mensibus
1903 2605 2031 2670 legat
2059 2620 2199 2653 unam
2219 2605 2307 2652 Vi-

84 2671 243 2736 giliam
268 2671 318 2721 <Sc
342 2687 484 2719 unam
509 2669 704 2728 miffam,
728 2686 816 2734 pro
840 2673 1058 2719 omnibus
1085 2670 1462 2721 beneiafi'toribus
1490 2689 1663 2736 panum
1686 2673 2018 2738 praedie‘torum
2034 2706 2048 2731 ,
2072 2687 2180 2720 cum
2206 2670 2305 2719 col-

84 2738 206 2787 lesta
221 2741 347 2787 Deus
369 2736 499 2803 cujus
514 2738 838 2787 misericordiae
851 2754 951 2786 non
964 2738 1028 2786 est
1043 2754 1263 2787 numerus
1287 2741 1400 2789 item
1414 2741 1598 2789 B.Petri
1622 2741 1669 2791 ὅ(
1691 2739 1899 2789 fidelium
1925 2741 2017 2791 &c.
2032 2755 2194 2788 coram
2222 2740 2302 2787 suo

86 2805 221 2854 altari
242 2808 291 2854 in
312 2805 435 2855 ἀίξὶει
457 2806 674 2865 Ecclefia,
699 2806 728 2853 si
752 2806 883 2854 sanus
907 2807 1063 2855 fuerit.
1131 2807 1173 2853 Si
1198 2822 1315 2854 vero
1338 2807 1549 2857 infirmus
1576 2809 1624 2858 ὅ(
1648 2810 1773 2856 senio
1797 2816 2030 2873 gravatus,
2058 2823 2141 2870 per
2163 2806 2303 2854 alium

83 2871 284 2921 fideliter
306 2872 398 2938 legi
420 2874 575 2922 faciat.
674 2874 732 2922 Et
754 2875 972 2938 quotiens
1007 2875 1103 2921 hoc
1128 2875 1322 2939 quisque
1358 2876 1689 2941 praesumtuose
1714 2875 1871 2924 facere
1903 2877 2194 2939 neglexerit,
2228 2874 2302 2920 seu

83 2938 450 3005 contempserit,
473 2956 533 2990 ex
557 2949 673 2991 tunc
697 2956 782 3007 per
804 2941 1072 2989 Provisores
1096 2940 1328 2991 ditiorum
1362 2960 1541 3010 panum
1566 2945 1623 2992 ad
1646 2945 1886 2993 arbitrium
1918 2943 2123 3010 ipsorum
2158 2942 2302 2989 debet

67 3007 180 3075 ipse
200 3007 556 3075 praesumtuosus
577 3010 748 3076 puniri,
769 3016 849 3059 aut
872 3011 931 3058 ab
952 3010 1044 3074 ipsa
1069 3011 1380 3076 perceptione
1409 3027 1586 3080 panum
1608 3011 1835 3078 suspendi.

2097 3096 2303 3146 11.1tem

167 3175 187 3199 θ
224 3177 390 3217 Annum.
