2541 3415
137 147 246 221 ,436-
982 139 1085 197 Die
1105 133 1268 203 tsinfoe
1281 139 1510 206 beilega

133 271 265 306 nunc
291 262 511 320 tempore
532 254 674 318 Jurati
697 254 748 309 in
772 252 977 318 sepefata
998 250 1258 316 parochiali
1279 250 1473 299 ecclesia
1498 250 1593 298 diui
1619 249 1769 303 Petri,
1802 266 1857 298 ac
1878 252 1926 298 in
1952 253 2049 297 iure
2074 255 2352 313 patronatus
2425 291 2433 298 .

85 332 90 333 ⁷
134 323 232 374 sive
253 322 550 388 presentandi
573 320 706 371 diota:
730 320 821 368 sine
851 335 961 368 cura
983 319 1158 367 vicarie
1181 327 1449 383 perpetuae‚
1489 317 1827 380 proximiores,
1865 316 2214 365 considerantes
2241 314 2357 365 &in

134 391 297 439 animo
320 387 624 439 revolventes
650 388 827 437 studius
858 388 904 436 ὅ(
927 387 1136 434 redditus
1158 385 1370 449 ejusdem
1403 383 1603 430 Vicariae
1624 383 1757 430 valde
1782 385 2054 435 diminutos.
2124 382 2273 448 Qod
2296 395 2358 429 ex

132 456 222 507 illis
243 454 468 523 possessor
488 456 622 521 ipsius
643 456 845 504 Vicariae
868 469 956 519 pro
980 460 1197 517 tempore
1220 450 1479 499 commode
1501 450 1612 496 inde
1636 465 1735 498 non
1758 450 1916 498 valeat
1936 450 2200 508 sustentari,
2233 448 2280 498 δι
2297 448 2358 496 ad

130 526 279 575 diuini
303 524 458 574 cultus
478 524 854 579 incrementum,
891 523 950 569 de
975 521 1111 568 bonis
1133 517 1493 569 communibus,
1531 514 1663 565 didiae
1688 515 1889 565 ecclefiae
1914 516 2053 565 sanffi
2074 517 2202 566 Petri
2226 517 2360 581 quin-

133 607 229 659 que
254 605 516 641 marcarum
537 592 745 639 redditus
769 596 1001 636 annuatos
1022 587 1048 624 .*
1083 583 1328 633 lubicensis
1352 590 1558 631 monetae
1581 583 1641 630 de
1662 591 1861 631 centum
1884 587 2052 632 marcis
2074 586 2259 632 summae
2283 598 2358 631 ca-

133 659 288 726 pitalis
311 674 400 725 pro
424 655 794 724 temporeipsius
815 653 1014 703 Vicariae
1039 649 1279 717 possessori
1303 652 1466 699 annuis
1498 650 1550 683 ²²¹*
1583 649 1766 713 singulis
1787 660 2022 717 perpetuo
2036 666 2144 698 curn
2166 648 2359 708 effe&u‚

131 730 185 778 in
208 734 522 793 augmentum
546 721 756 789 ejusdem
785 721 980 769 Vicariae
1000 717 1366 784 persoluendos‚
1396 716 1542 765 libere
1555 717 1853 766 donauerunt
1875 716 2204 766 concesserunt
2219 716 2274 775 ὅ(
2287 731 2359 765 as·

132 795 402 859 fignarunt,
432 792 584 840 Prout
607 791 709 837 haec
739 790 787 837 in
809 787 951 837 literis
980 787 1180 852 desuper
1203 783 1434 834 confestis
1467 784 1515 834 ὅ(
1548 782 1775 847 figillatis,
1824 784 2004 848 plenius
2033 786 2357 843 continentur,

133 863 289 911 Nobis
313 862 454 926 igitur
477 857 714 907 instanter.
751 857 1027 919 deuoteque
1050 853 1356 918 supplicando
1374 860 1430 899 ut
1454 851 1736 916 prescriptos
1766 853 1944 900 reditus
1966 852 2014 899 in
2047 861 2358 916 augmentum

132 937 187 978 ut
210 927 496 994 premittitur
519 927 656 972 datos
682 923 729 972 ὅ(
754 920 1006 987 assignatos
1031 921 1111 969 sub
1138 920 1443 985 proteffione
1466 917 1770 980 ecclefiassica
1803 927 1946 984 atque
1971 917 2124 966 nostra
2145 921 2201 966 ad
2224 918 2357 968 Vsum

130 996 182 1048 δι
205 998 254 1046 in
279 1000 588 1059 augmentum
612 990 745 1040 dieiae
768 991 953 1038 Vicarae
975 990 1190 1053 recipere
1214 988 1263 1037 <Sc
1285 988 1343 1035 ad
1367 987 1566 1034 eandem
1603 985 1855 1050 applicare.
1932 985 2152 1034 Preterea
2169 986 2249 1050 Jus
2279 1001 2359 1048 pa·

116 1057 351 1115 ¹t'ronatus
375 1060 468 1108 siue
489 1059 797 1126 praesentandi
820 1057 1069 1121 personam
1093 1054 1298 1103 habilem
1321 1055 1371 1103 ὃς
1390 1055 1614 1102 idoneam
1632 1053 1744 1102 in&
1764 1054 1822 1101 ad
1844 1050 2016 1102 dietam
2032 1052 2125 1101 sine
2147 1068 2258 1101 cura
2271 1052 2357 1102 Vi-

131 1131 308 1180 cariam
329 1137 610 1194 perpetuam
632 1126 883 1174 uacatione
904 1123 1020 1173 illius
1043 1130 1328 1171 occurrente
1359 1122 1425 1170 eis
1449 1121 1496 1170 ὅ(
1521 1119 1849 1170 successoribus
1869 1135 1957 1186 pro
1992 1128 2214 1186 tempore
2238 1121 2357 1168 iura·
2426 1152 2445 1167 ·.

130 1200 190 1248 tis
214 1195 416 1245 ecclesiae
438 1192 741 1260 parrochialis
771 1192 869 1240 diui
894 1191 1020 1239 Petri
1050 1192 1377 1255 Hamburgen.
1449 1189 1635 1237 Verum
1668 1189 1716 1237 <Sc
1739 1203 1849 1237 cum
1883 1188 2094 1237 Centum
2120 1187 2168 1237 <Sc
2190 1185 2357 1251 viginti

129 1266 269 1323 anni,
309 1279 510 1328 quorum
531 1263 579 1309 in
603 1261 795 1324 antiqua
817 1259 1104 1307 fundatione
1127 1259 1310 1305 mentio
1335 1255 1386 1305 fit
1410 1253 1610 1320 expreffi
1635 1256 1793 1303 effluxi
1817 1254 1930 1313 sint,
1963 1270 2138 1303 nouam
2163 1255 2356 1320 prolon-

126 1333 401 1398 gationem,
435 1331 603 1394 Vsque
627 1329 684 1376 ad
708 1326 975 1385 centurn&
996 1326 1161 1389 viginti
1187 1340 1335 1372 annos
1362 1327 1621 1371 decernere
1636 1325 1779 1386 atque
1799 1323 2089 1370 authoritate
2113 1321 2268 1369 nostra
2282 1336 2357 1369 or·
2403 1317 2420 1341 ³

128 1401 306 1449 dinaria
325 1398 478 1461 largiri
501 1400 816 1460 dignaremur.
991 1395 1095 1441 Nos
1119 1393 1278 1456 itaque
1300 1389 1505 1439 Michael
1529 1391 1687 1437 Reder
1701 1389 1883 1438 Dodior
1897 1389 1943 1438 ὅ(
1957 1391 2174 1438 Decanus
2189 1404 2242 1437 ac
2258 1387 2357 1437 Ca-

127 1466 331 1534 pitulum
346 1462 569 1524 antediffl
584 1463 890 1511 attendentes
912 1456 1184 1523 hujusmodi
1200 1458 1590 1523 supplicationem
1605 1457 1709 1504 fore
1727 1454 1898 1520 justam
1913 1455 2192 1504 laudabilem
2207 1457 2254 1506 <Sc
2269 1457 2356 1503 ho-

129 1533 335 1590 nestam,
373 1533 785 1593 deuotionemque
813 1527 1019 1594 ipsorum
1038 1529 1242 1576 dnorum
1269 1528 1526 1574 iuratorum
1549 1526 1606 1570 ad
1631 1524 1672 1570 S.
1687 1523 1879 1571 Petrum
1904 1525 1949 1570 in
1973 1524 2071 1572 dno
2097 1524 2270 1570 merito
2284 1537 2355 1569 re-

131 1602 554 1655 commendamus,
595 1597 828 1645 Redditus
851 1591 1126 1657 hujusmodi
1159 1594 1452 1657 praescriptos
1474 1592 1530 1638 ad
1555 1592 1685 1639 Vsum
1712 1588 1845 1638 distat
1867 1591 2068 1638 Vicariae
2094 1590 2172 1637 sub
2194 1597 2356 1654 prote-

131 1668 293 1718 &ione
315 1665 620 1716 ecclesiastica
643 1670 786 1728 atque
812 1661 966 1710 nostra
986 1662 1034 1708 in
1057 1661 1130 1708 dei
1154 1659 1349 1707 nomine
1372 1659 1637 1722 recepimus
1663 1672 1719 1704 ae
1740 1657 1993 1721 recipimus
2017 1657 2138 1705 &ad
2152 1658 2354 1705 eandem

129 1735 374 1785 Vicariam
396 1733 701 1798 applicamus,
727 1730 775 1780 ὅ(
796 1743 854 1776 ex
877 1729 1026 1792 gratia
1048 1743 1103 1775 ac
1116 1726 1280 1774 fauore
1304 1725 1489 1789 speciali
1513 1726 1675 1773 iisdem
1700 1724 1875 1780 iuratis,
1901 1725 1950 1772 in
1974 1723 2175 1771 ecclefiae
2196 1739 2357 1789 parro-

132 1802 269 1852 chiali
294 1801 387 1850 diui
413 1801 537 1866 petri
559 1798 937 1865 praenominatis,
967 1796 1064 1842 hoc
1084 1793 1324 1841 humiliter
1339 1792 1636 1856 petentibus,
1668 1806 1810 1855 quam
1823 1791 1900 1839 diu
1913 1790 2146 1849 vixerint,
2182 1806 2236 1839 ac
2251 1789 2356 1856 post

131 1867 341 1936 ipsorum
363 1869 546 1917 obitum
579 1866 760 1929 semper
781 1865 966 1911 duobus
998 1862 1158 1908 iuratis
1190 1860 1404 1924 corporis
1429 1857 1601 1906 Christi
1636 1857 1893 1911 &duobus
1926 1858 2085 1906 iuratis
2109 1859 2354 1923 praecariis,

134 1953 225 2003 pro
248 1945 468 2000 tempore
493 1932 811 1982 existentibus.
847 1931 915 1977 ius
942 1935 1219 1993 patronatus
1250 1927 1343 1974 five
1358 1923 1434 1989 jus
1457 1927 1751 1991 presentandi
1787 1925 1885 1973 eius
1908 1925 2159 1974 uacatione
2189 1940 2354 1973 occur-

130 2013 268 2054 rente
291 2017 439 2068 usque
461 2002 520 2049 ad
543 2001 755 2049 Centum
790 1997 839 2047 ὅ(
863 1998 1030 2061 uiginti
1062 2010 1209 2043 annos
1233 1992 1260 2041 a
1284 1995 1398 2042 dato
1424 1994 1589 2041 harum
1612 2002 1781 2041 tenore
1804 1993 2102 2058 praesentium
2132 1993 2353 2041 concedi·

131 2088 235 2122 mus
260 2070 512 2133 elargimur
532 2068 580 2117 ὅ(
606 2067 783 2113 damus.
851 2065 917 2112 lta
939 2071 1100 2112 tamen
1128 2063 1256 2126 quod
1281 2059 1487 2126 praediffi
1511 2068 1714 2126 quatuor
1736 2061 1876 2108 Iurati
1893 2057 1970 2124 jus
1984 2067 2262 2124 patronatus
2277 2060 2354 2109 seu

131 2138 438 2206 praesentandi
461 2136 521 2183 ad
542 2134 783 2183 Vicariam
805 2148 892 2194 pro
916 2139 1030 2179 tunc
1055 2129 1332 2195 spe&auerit
1359 2130 1552 2177 Decano
1586 2128 1633 2176 ὅ(
1664 2127 1893 2194 Capitulo
1919 2126 2051 2176 did-tae
2084 2127 2251 2176 nostrae
2273 2143 2354 2177 ec-

134 2205 278 2254 ciesiae
299 2204 541 2253 Clericum
564 2201 769 2249 habilem
794 2200 843 2249 ὅ(
868 2200 1156 2256 iodoneum‚
1191 2199 1248 2245 ad
1273 2194 1545 2259 hujusmodi
1575 2195 1821 2250 Vicariam
1852 2195 2072 2260 quotiens
2104 2195 2248 2258 ipsam
2273 2211 2356 2244 va-

135 2288 244 2322 care
268 2271 523 2337 contigerit
545 2268 813 2333 presentare
829 2274 1098 2314 teneantur.
1170 2267 1333 2329 Qem
1355 2263 1597 2312 Clericum
1622 2263 1680 2311 fic
1703 2263 2020 2329 presentatum
2043 2261 2252 2326 prefatus
2265 2266 2352 2311 d‘ns

132 2341 351 2403 Decanus
365 2354 418 2386 ac
441 2336 699 2401 capitulum
712 2336 769 2383 ad
789 2332 1064 2395 hujusmodi
1102 2348 1119 2381 1
1139 2335 1220 2394 16)
1257 2333 1672 2397 presentationem.
1699 2334 1876 2395 absque
1900 2327 1992 2378 ulla
2003 2329 2279 2377 difficultate
2303 2331 2353 2378 in

136 2407 188 2457 ὅ(
211 2409 268 2454 ad
295 2405 465 2453 diff-*tam
489 2404 748 2453 Vicariam.
784 2400 1024 2450 instituere
1058 2402 1311 2448 tenebitur.
1409 2400 1465 2447 Et
1489 2401 1614 2446 idem
1639 2398 1697 2446 sic
1720 2397 1981 2456 institutus,
2033 2397 2221 2462 prefato
2254 2399 2352 2445 dno

135 2475 336 2523 Decano
363 2472 410 2520 ὅ(
435 2470 648 2535 capitulo
690 2487 704 2518 1
725 2472 806 2532 17)
843 2469 1163 2518 obedientiam
1191 2468 1237 2517 ὅ(
1260 2468 1498 2514 honorem
1519 2467 1705 2513 debitos
1729 2466 1870 2513 saciet
1892 2466 1941 2515 ὅ(
1962 2465 2227 2514 consuetos.
2295 2465 2354 2513 Es:

133 2541 262 2591 idem
278 2539 492 2586 Vicarius
515 2538 750 2602 particeps
764 2536 914 2586 erit&
927 2536 1017 2583 effe
1038 2536 1231 2584 debebit
1244 2535 1458 2582 omnium
1475 2530 1808 2581 memoriarum
1824 2533 2275 2591 emolumentorum.
2292 2531 2353 2579 ad

133 2608 273 2656 instar
293 2604 491 2655 aliorum
514 2604 813 2652 Vicariorum
827 2604 1029 2652 ecclesiae
1045 2604 1177 2668 supra
1202 2602 1348 2651 dietae.
1415 2601 1582 2665 Elapsis
1607 2616 1722 2649 uero
1736 2609 1929 2649 centum
1953 2601 2001 2650 ὅ(
2025 2598 2187 2662 uiginti
2202 2598 2351 2656 annis,

136 2674 442 2724 collationem
465 2669 805 2734 prouisionern,
838 2672 886 2720 ὅ(
910 2671 1236 2719 omnimodam
1262 2668 1612 2734 dispositionem
1639 2667 1867 2734 praedietae
1892 2668 2088 2715 Vicariae
2113 2666 2170 2712 ad
2190 2680 2276 2713 nos
2302 2664 2352 2713 fi-

137 2752 219 2790 cut
243 2742 369 2806 prius
391 2737 535 2787 libere
559 2736 608 2785 6<
631 2740 828 2785 omnino
859 2740 1033 2786 reuerti
1056 2737 1287 2785 uolumus,
1398 2734 1616 2784 Volumus
1649 2737 1791 2784 etiam
1815 2736 1941 2798 quod
1974 2735 2353 2797 quotiescunque

135 2810 345 2859 redditus
367 2804 568 2872 praefatae
591 2802 791 2852 Vicariae
827 2809 875 2853 in
895 2814 1005 2854 toto
1029 2805 1103 2853 uel
1124 2806 1169 2852 in
1205 2814 1337 2869 parte
1361 2804 1597 2864 redempti
1629 2803 1818 2850 fuerint.
1854 2810 1906 2848 ut
1928 2799 2129 2864 pecunia
2153 2799 2246 2864 ipsa
2283 2810 2354 2847 re}

136 2878 349 2945 dempta.
403 2875 465 2922 de
486 2871 602 2922 scitu
624 2871 673 2923 ὃ(
697 2872 997 2937 beneplacito
1027 2871 1219 2939 capituli
1240 2870 1373 2925 diG’tae
1394 2870 1561 2928 nostrae
1593 2869 1795 2921 ecclesiae
1817 2882 1902 2936 per
1933 2874 2161 2934 patronos
2185 2867 2234 2916 ὅ(
2251 2867 2352 2944 'Vi-

1183 2978 1185 2980 .
1568 2958 1571 2959 ⁷
1781 2978 1782 2981 ,
1834 2978 1839 2980 ,
1864 2957 1867 2981 :
2167 2949 2349 2986 carium

352 3044 372 3091 ἵ,
426 3054 585 3089 annuos.
698 3043 741 3100 *l*
794 3044 912 3100 annis!
