2541 3415
141 198 245 259 484
324 152 327 155 .
602 265 613 268 „
944 243 945 246 Ἴ
998 181 1097 238 Die
1120 156 1521 250 fix-nstebeilagc
1608 201 1611 204 >

137 307 321 361 dilecta:
345 320 463 375 meae
485 298 683 371 conjugi
705 302 900 362 Elsabae,
923 311 976 354 ut
997 305 1063 353 eis
1084 321 1174 371 pro
1187 308 1446 355 commoda
1470 308 1549 357 sua
1562 305 1837 359 necestitate
1851 343 1865 368 ‚
1890 308 2028 375 juxta
2054 314 2177 361 suam
2193 313 2366 361 volun·

132 384 310 435 tatem,
334 382 518 432 utatur,
546 374 636 423 hac
661 380 822 421 tamen
846 371 952 438 lege
967 405 982 431 ‚
1019 381 1072 421 ut
1094 374 1283 422 dimidia
1304 389 1411 438 pars
1433 376 1492 422 de
1517 377 1736 425 omnibus
1759 380 1909 428 aureis
1933 380 1981 430 ὅ(
2004 381 2240 445 argenteis
2266 379 2363 428 cles

131 446 319 503 nodiiS,
352 458 454 509 quae
477 450 589 492 ante
611 442 740 490 suum
765 441 950 489 obitum
974 474 989 497 ,
1022 456 1083 489 ex
1106 438 1381 489 necestitate
1405 472 1420 496 ,
1454 456 1553 489 non
1582 445 1914 504 consumserit,
1948 450 2065 496 meis
2089 446 2366 496 Testamen-

133 513 263 562 tariis
285 513 343 560 ad
367 509 811 577 augmentationem
833 506 1041 574 praediffi
1065 507 1282 573 stipendii
1314 508 1372 554 ab
1395 505 1498 571 ejus
1531 508 1811 559 haeredibus
1836 511 1988 562 statim
2015 514 2120 580 post
2143 511 2241 577 ejus
2268 515 2368 564 obi·
2410 569 2415 571 s
2482 562 2486 563 ⁷

134 587 238 629 tum
262 578 568 647 praesentetur
582 593 639 628 ac
660 577 885 626 tradatur.
956 575 1105 640 Qod
1128 573 1157 622 si
1180 573 1313 622 alteri
1336 573 1443 623 viro
1465 576 1695 635 nuberet,
1731 580 1791 626 de
1807 578 2034 632 clenodiis
2056 583 2116 631 ab
2141 580 2242 646 ejus
2265 598 2365 630 rna-

133 649 257 706 rit0,
285 648 362 697 cui
380 647 484 696 haec
503 648 552 696 in
575 646 743 695 dotem
766 642 924 693 attulit
946 675 961 701 ‚
997 657 1056 690 ea
1076 639 1300 689 defunfita
1321 673 1336 698 ,
1371 641 1486 690 nihil
1517 651 1777 709 repetetur.
1845 647 1891 694 Si
1915 644 2033 700 uero
2055 648 2132 697 illa
2157 649 2284 698 ultro
2305 650 2366 697 ad

134 713 254 782 saepe
277 715 576 771 nominatum
601 711 898 776 Stipendium
922 742 938 767 ,
975 710 1034 757 de
1064 708 1144 756 suo
1177 705 1352 774 aliquid
1371 709 1578 759 voluerit
1599 708 1801 775 adjicere
1827 743 1842 767 ‚
1882 730 2031 780 penes
2067 714 2190 764 illam
2213 715 2364 765 stabit.

133 784 210 832 De
233 781 491 832 collatione
515 788 675 829 autem
690 779 823 842 supra
847 777 1080 825 nominati
1104 773 1317 841 stipendii
1332 776 1414 825 has
1435 779 1739 827 conditiones
1757 795 1812 826 ac
1832 780 1961 845 leges
1978 790 2234 848 perpetuas
2250 797 2367 847 prae-

135 850 327 916 scriptas
352 848 444 898 effe
466 848 580 897 uolo
600 848 717 895 meis
740 842 1139 893 Testamentariis.
1212 843 1371 893 Primo
1396 846 1490 894 mei
1510 843 1871 895 Testamentarii
1896 847 2080 912 singulis
2093 849 2176 899 illis
2192 849 2364 899 studio·

135 917 191 967 fis
215 917 589 967 adolescentibus
603 948 617 973 ,
639 914 806 979 quibus
827 912 1108 960 conceditur
1130 911 1228 960 hoc
1247 910 1528 978 stipendium
1542 942 1556 967 ‚
1590 915 1648 961 ad
1664 915 2022 979 quadriennium
2044 923 2229 977 tantum
2253 915 2366 966 illud

133 987 421 1035 concedent.
488 983 533 1031 Si
556 990 717 1031 tamen
739 977 1078 1028 testamentarii
1102 979 1338 1039 viderint,
1374 979 1601 1030 collatum
1625 980 1907 1047 stipendium
1930 983 2054 1031 bene
2075 981 2364 1034 collocari&

134 1053 249 1102 alios
273 1051 596 1101 adolescentes
619 1056 700 1097 aut
721 1062 781 1096 ex
801 1062 908 1095 mea
926 1047 976 1097 ὅ(
1001 1047 1165 1095 uxoris
1198 1049 1494 1113 cognatione
1529 1056 1612 1097 aut
1634 1064 1694 1098 ex
1716 1048 2201 1100 Testamentariorum
2217 1064 2367 1098 ·meo-

132 1136 240 1169 rum
265 1120 527 1170 aliorumue
548 1116 684 1175 filiis,
721 1116 887 1182 quibus
921 1114 1206 1180 stipendium
1245 1116 1452 1165 conferri
1475 1117 1623 1165 debet
1645 1146 1659 1171 ‚
1694 1116 1848 1165 nullos
1885 1118 2146 1166 defraudari
2176 1117 2366 1166 suorum
2409 1136 2412 1142 ·

134 1188 395 1237 studiorum
428 1186 692 1234 commodo
726 1191 958 1249 poterunt
991 1199 1140 1231 unum
1167 1199 1345 1232 annum
1373 1186 1547 1233 addere
1579 1184 1628 1234 <Sc
1663 1183 1868 1233 studiosis
1901 1187 1958 1233 ad
1991 1185 2369 1250 quinquennium

134 1255 407 1306 conceffum
430 1253 710 1318 stipendium
734 1251 1029 1316 permittere.
1107 1251 1328 1300 Secundo
1359 1250 1639 1318 stipendium
1664 1252 1750 1300 illis
1778 1252 2154 1302 adolescentibus
2177 1259 2366 1301 tantum

133 1326 280 1373 debet
304 1323 520 1379 decerni,
544 1322 624 1387 qui
649 1335 709 1368 eo
732 1321 780 1368 in
806 1320 983 1368 artibus
1004 1319 1108 1368 sunt
1133 1319 1364 1385 progressi
1384 1352 1398 1377 ,
1433 1328 1488 1368 ut
1512 1335 1623 1368 cum
1649 1320 1802 1385 aliqua
1833 1319 1995 1385 insigni
2018 1320 2155 1385 fruge
2178 1320 2225 1368 in
2249 1316 2366 1367 nni÷

135 1391 354 1442 versitate
377 1387 583 1454 majores
609 1396 732 1437 artes
751 1387 928 1436 discere
951 1386 1131 1453 possint
1152 1421 1167 1446 ,
1207 1388 1256 1438 ὅ(
1292 1389 1336 1436 se
1369 1403 1629 1453 praeparare
1661 1389 1720 1436 ad
1745 1387 2095 1452 Theologicam
2121 1386 2370 1453 professio-

132 1475 261 1509 nem.
332 1459 377 1507 T
381 1460 502 1506 ertio
526 1472 637 1505 curn
661 1472 721 1504 ex
740 1471 845 1503 mea
868 1455 918 1505 &
941 1457 1101 1503 uxoris
1126 1470 1243 1503 meae
1269 1457 1563 1519 cognatione
1598 1455 1924 1504 adolescentes
1947 1457 2043 1504 hoc
2066 1454 2366 1519 stipendium,

133 1529 193 1577 ad
221 1528 406 1575 suorum
428 1524 686 1573 studiorum
712 1525 1026 1571 commodum
1050 1555 1064 1580 ‚
1098 1530 1153 1570 ut
1175 1523 1352 1572 clidium
1380 1522 1445 1571 est
1467 1556 1482 1581 ,
1520 1524 1744 1589 petierint
1768 1556 1782 1581 ,
1820 1523 1891 1571 his
1915 1522 2027 1570 illud
2063 1522 2370 1578 conferatur,

132 1609 229 1661 prae
249 1594 361 1643 aliis.
432 1593 560 1641 Cum
582 1600 743 1640 autem
765 1589 879 1639 nulli
903 1590 1167 1639 exstiterint
1188 1606 1246 1639 ex
1271 1590 1437 1639 nostris
1462 1591 1679 1655 cognatis
1706 1593 1782 1654 qui
1816 1587 1913 1638 hoc
1942 1589 2177 1654 stipendio
2202 1589 2260 1636 ad
2291 1587 2369 1647 sua

133 1662 282 1712 studia
311 1664 359 1710 in
393 1659 708 1710 Univerfitate
742 1658 1070 1722 prosequenda
1092 1687 1108 1710 ‚
1146 1658 1215 1706 uti
1248 1665 1328 1706 aut
1351 1656 1501 1706 velint
1520 1689 1536 1715 ,
1557 1665 1650 1717 ,aut
1674 1654 1851 1722 poffint
1885 1674 1903 1719 3
1950 1663 2052 1704 tum
2081 1654 2368 1721 stipendium

138 1730 432 1779 concedatur
453 1761 468 1784 ,
500 1727 582 1775 uni
604 1741 665 1774 ex
685 1724 787 1772 filiis
811 1740 1031 1773 meorum
1048 1722 1564 1781 Testamentariorum,
1597 1726 1706 1789 qui,
1731 1731 1813 1772 aut
1843 1725 2048 1782 docent,
2085 1730 2170 1772 aut,
2190 1724 2369 1771 docue-

137 1805 249 1847 runt
272 1794 580 1860 Evangelium
616 1792 789 1841 Christi
821 1792 1101 1856 Hamburgi.
1171 1792 1256 1840 His
1279 1807 1388 1839 cum
1425 1790 1536 1841 nulli
1561 1790 1638 1839 filii
1661 1791 1838 1840 fuerint
1866 1792 2027 1840 idonei
2061 1788 2370 1855 adstipendii

132 1864 552 1931 participationem
585 1893 600 1918 .,
630 1859 914 1924 stipendium
950 1859 1089 1907 detur
1113 1860 1193 1908 uni
1228 1874 1288 1906 ex
1323 1858 1426 1908 filiis
1448 1892 1463 1916 ,
1495 1858 1685 1907 illorum
1711 1892 1726 1916 ,
1772 1860 1852 1924 qui
1885 1859 2149 1922 Hamburgi
2187 1865 2269 1906 aut
2313 1858 2365 1905 inv

137 1933 235 1982 aliis
268 1931 456 1996 templis
491 1929 801 1993 Evangelium
836 1925 1010 1974 Christi
1046 1926 1258 1991 legitima
1283 1929 1541 1975 uocatione
1575 1942 1663 1990 pro
1699 1927 1940 1975 concione
1971 1933 2055 1974 aut
2085 1940 2192 1974 mea
2224 1931 2365 1973 aetate

138 1999 409 2050 docuerunt
431 2004 512 2045 aut
533 1997 580 2044 in
604 1996 815 2044 futurum
841 1992 1025 2043 dot'turi
1049 1993 1148 2042 fint.
1218 1993 1344 2043 Viris
1366 2001 1526 2042 autem
1543 1990 1682 2057 hujus
1698 1995 1874 2043 ordinis
1889 1994 2046 2043 hocce
2069 2007 2183 2041 meo
2204 1990 2367 2040 officio

137 2068 375 2135 praecipue
398 2065 568 2123 servire
592 2062 752 2121 volui,
785 2063 913 2128 quod
940 2061 1219 2123 prouideam
1242 2060 1463 2125 synceros
1488 2060 1728 2126 Evangelii
1752 2059 1975 2110 docitores
1998 2075 2243 2125 nunquam
2265 2067 2368 2108 tan-

136 2147 242 2187 tum
263 2134 507 2183 habituros
528 2131 645 2180 ultra
667 2131 774 2179 suos
797 2130 1086 2178 cottidianos
1106 2128 1280 2177 sumtus
1295 2163 1309 2185 ,
1336 2136 1388 2177 ut
1409 2129 1519 2177 inde
1541 2130 1625 2177 suis
1647 2126 1751 2177 filiis
1773 2126 1949 2194 poffint
1969 2129 2266 2194 suppeditare
2279 2126 2369 2175 stu-·

139 2206 325 2254 diorum
349 2201 591 2267 impensas.
662 2199 708 2246 Si
733 2196 987 2263 aliquando
1012 2205 1171 2245 autem
1207 2199 1512 2261 contingeret
1532 2229 1547 2254 ,
1581 2205 1634 2246 ut
1665 2210 1822 2261 neque
1857 2212 1918 2245 ex
1945 2212 2051 2244 mea
2071 2227 2085 2252 ,
2124 2195 2280 2259 neque
2309 2207 2370 2242 ex

135 2274 298 2321 uxoris
321 2284 437 2317 meae
460 2267 780 2332 cognatione,
813 2279 972 2330 neque
1006 2279 1067 2312 ex
1091 2280 1311 2312 meorum
1334 2263 1817 2314 Testamentariorum
1845 2262 1944 2312 filiis
1967 2297 1983 2321 ,
2018 2277 2173 2326 neque
2197 2277 2256 2309 ex
2280 2260 2359 2318 iis,

140 2340 224 2404 qui
237 2336 503 2400 Hamburgi
522 2333 830 2399 Evangelium
854 2335 1035 2380 docent
1057 2340 1139 2381 aut
1162 2334 1432 2380 docuerunt
1465 2332 1628 2397 aliquis
1655 2331 1770 2380 effet
1794 2361 1809 2386 ‚
1847 2331 1924 2379 cui
1956 2331 2054 2378 hoc
2082 2329 2368 2394 stipendium

138 2408 255 2463 hoc,
268 2402 405 2468 juxta
427 2403 739 2468 praescriptam
763 2401 966 2449 formam
991 2401 1182 2448 decerni
1207 2398 1384 2464 posset,
1413 2406 1514 2448 tum
1536 2401 1634 2447 hoc
1656 2402 1993 2447 decerneretur
2015 2397 2148 2446 alteri
2162 2399 2368 2462 cuipiam

139 2470 373 2538 indigenti
396 2469 745 2531 adulescentulo
767 2501 781 2526 ,
813 2476 868 2516 ut
889 2468 965 2516 ille
988 2483 1049 2515 eo
1071 2501 1086 2525 ,
1121 2469 1177 2515 ad
1200 2469 1533 2532 promouenda
1559 2466 1827 2524 studia·sua,
1864 2466 2173 2531 quadriennio
2193 2460 2369 2512 utatur.

141 2542 361 2608 Qiarto,
388 2537 418 2584 si
439 2538 703 2598 accideret,
734 2545 787 2584 ut
809 2539 933 2584 inter
954 2535 1357 2583 Testamentarios
1381 2534 1536 2599 plures
1561 2549 1659 2582 uno
1683 2533 1860 2591 effent,
1888 2535 1967 2599 qui
1989 2532 2117 2581 filios
2135 2533 2368 2579 haberent

142 2611 346 2670 idoneos
365 2606 422 2654 ad
442 2605 856 2668 participationem
875 2602 1118 2668 stipendii,
1143 2611 1257 2651 tunc
1283 2603 1476 2650 decerni
1496 2603 1641 2650 debet
1665 2602 1888 2658 Senioris,
1914 2610 1994 2649 aut
2018 2601 2112 2648 uiui
2134 2607 2216 2646 aut
2239 2612 2364 2644 mor-

142 2678 211 2726 tui
236 2674 331 2723 filio
355 2706 370 2730 ,
406 2674 453 2720 h.
477 2686 516 2719 e.
547 2670 664 2718 illius
689 2670 783 2718 filio
807 2706 820 2727 ,
857 2672 936 2736 qui
959 2673 1083 2735 prius
1108 2669 1255 2719 sanstus
1278 2670 1368 2718 fuit
1391 2669 1781 2718 testamentarius.
1854 2669 2040 2734 Quinto
2073 2666 2214 2729 cupio
2235 2697 2249 2721 ,
2284 2673 2365 2722 ut,

143 2744 223 2811 qui
245 2741 365 2791 usuri
385 2739 488 2788 sunt
511 2739 606 2785 hoc
627 2737 856 2801 stipendio
877 2769 891 2791 ,
924 2739 1050 2786 suam
1075 2754 1271 2803 operam
1298 2737 1644 2802 Hamburgensi
1669 2735 1878 2784 Ecclefiae
1903 2768 1917 2792 ,
1956 2734 2004 2782 ὅ(
2028 2747 2122 2797 prae
2138 2732 2366 2780 'omnibus

143 2812 241 2860 aliis
264 2807 474 2858 Ecclesiae
508 2805 603 2853 diui
625 2805 788 2868 Jacobi
819 2806 1057 2854 addicunt.
1129 2806 1176 2853 Si
1203 2820 1370 2853 eorum
1408 2820 1555 2870 opera
1589 2805 1646 2852 ab
1682 2799 2108 2865 Hamburgenfibus
2134 2797 2365 2863 postulata

142 2879 285 2929 fuerit
310 2878 578 2943 priusquam
602 2872 644 2919 se
668 2871 764 2919 aliis
790 2874 1066 2921 addixerint.
1139 2874 1213 2922 Ad
1238 2874 1576 2921 executionem
1600 2871 1648 2921 ὃς
1676 2869 2085 2918 conservationem
2110 2867 2203 2913 mei
2228 2864 2363 2914 testa·

145 2945 295 2994 menti
319 2942 476 3008 deligo
502 2975 517 2999 ,
559 2954 687 2990 voco
708 2938 756 2988 <Sc
788 2938 977 2987 instituo
1004 2956 1138 2988 meos
1173 2941 1575 2988 Testamentarios
1612 2956 1625 2985 t
1684 2938 1917 3000 Joannem
1946 2936 2185 2997 Aepinum
2221 2934 2366 2982 Sacrae

145 3009 426 3083 Theologi'ae
451 3007 739 3069 Deitorem,
770 3006 981 3056 Ecclefiae
1002 3008 1370 3074 Hamburgenfis
1392 3006 1901 3075 Superintendentem,
1925 3000 2201 3067 Magistrum
2224 3002 2368 3065 joan-

2251 3081 2365 3116 nem
