2541 3415
198 117 296 173 273
493 94 496 95 ⁷
538 110 542 114 ’
572 134 574 136 v
973 99 976 102 ⁴
1064 103 1163 159 Die
1192 104 1339 155 britte
1360 102 1576 170 beringe

266 228 474 277 redditus
494 227 541 274 in
561 227 836 274 haereditate
865 225 1066 274 Thomae
1089 227 1328 275 Belzeman
1352 229 1428 288 (ut
1441 225 1583 291 vulgo
1609 226 1668 279 im
1692 224 1868 288 Θϊυηῒ)
1894 226 2057 292 quibus
2080 227 2258 277 focaria
2279 226 2414 294 ipfius

270 294 470 345 Cristina
494 303 655 341 utetur
682 295 740 347 acl
764 294 928 343 vitam.
2382 318 2394 324 f

209 367 351 427 1546.
419 365 564 410 Anno
587 362 781 409 Domini
805 361 1157 424 quadragesimo
1181 363 1311 411 sexto
1338 360 1695 425 quintadecima?
1718 359 1919 423 Januarii
1944 361 2061 411 obiit
2094 363 2187 410 Dn.
2206 361 2415 410 Lauren-

267 433 358 480 tius
382 430 556 478 Sibeke
577 426 715 491 hujus
746 428 956 477 Ecclesiae
979 429 1195 477 Vicarius
1221 429 1299 492 qui
1335 429 1466 474 dedit
1498 428 1695 473 duarum
1727 442 1986 475 marcarum
2011 431 2246 487 redditus,
2272 444 2417 478 unam

267 500 315 546 in
337 491 436 547 vita
457 512 545 561 pro
569 498 911 544 celebrantibus
935 495 983 544 &
1005 494 1138 544 aliam
1162 498 1220 544 ad
1241 494 1408 543 festum
1430 491 1695 540 sanetorum
1719 492 1919 558 Philippi
1941 495 1989 545 <Sc
2010 498 2176 561 Jacobi
2200 512 2288 562 pro
2303 511 2418 546 con.

225 599 227 601 >
267 565 497 614 solatione
517 564 563 612 in
583 565 759 612 summa
782 562 909 610 missa
930 561 1192 626 &Jparuam
1219 561 1398 625 stopam
1427 568 1718 623 argenteam.

364 633 578 700 Qorum
598 630 754 680 anime
776 645 879 678 cum
899 627 1315 693 omnibusfidelibm
1338 624 1561 691 defitm‘ffi
1573 626 1869 693 requiquam
1890 629 1939 678 in
1944 642 2064 694 pace
2084 630 2248 679 Amen.
2381 692 2387 695 .

333 702 454 749 Item
476 715 601 747 anno
625 700 681 747 D.
706 696 952 745 Millefimo
987 695 1363 760 quingentefimo
1395 695 1784 760 quinquagesimo
1814 698 1906 746 Dn.
1935 699 2175 762 Johannes
2199 699 2258 745 de
2280 698 2418 763 Spre-

272 768 434 817 kelsen
466 769 514 816 Β.
540 767 697 814 Mariae
729 764 939 827 Virginis
973 778 1028 810 ac
1053 764 1163 812 Diui
1187 763 1311 812 Petri
1332 763 1504 810 Hamb.
1529 762 1835 811 Ecclefiarum
1867 765 2084 814 Vicarius
2118 780 2173 813 ac
2195 766 2417 814 Decanus

269 836 587 885 Calendarum
611 833 659 882 ὅ(
682 831 897 879 Provisor
920 831 1090 879 domus
1117 847 1292 896 panum
1319 830 1367 880 ὃ(
1388 830 1617 879 luminum
1639 830 1811 879 Eccles:
1833 832 2005 880 Hamb.
2029 833 2314 883 vicariorum
2338 835 2416 882 de-

268 906 338 952 dit
358 910 562 968 quatuor
582 913 844 949 marcarum
866 898 1094 955 redditus,
1118 900 1284 964 quibus
1299 905 1458 946 utetur
1482 900 1539 946 ad
1564 905 1753 963 tempus
1777 899 1883 948 vitae
1909 899 2025 947 suae.-

334 972 452 1018 Item
467 998 482 1022 ‚
510 970 638 1015 Idem
663 967 755 1014 Dn.
779 966 947 1030 Johan.
970 967 1030 1014 de
1054 966 1331 1031 Sprekelsen
1358 967 1500 1015 etiam
1519 967 1822 1031 praesentauit
1844 966 2000 1015 adhuc
2031 966 2233 1015 Vi0ariis
2254 965 2417 1019 Provi·
2468 974 2473 978 ”

266 1038 441 1087 foribus
461 1035 634 1085 ibidem
660 1042 881 1099 ternpore
905 1032 1111 1082 Caristiae
1135 1036 1192 1083 ad
1207 1035 1462 1082 emendum
1489 1035 1565 1081 seu
1589 1035 1964 1099 comparandum
1985 1034 2223 1083 frumenta
2244 1035 2420 1084 ducen-

266 1113 337 1154 tas
361 1118 540 1152 marcas
563 1101 859 1150 Lubecenses
881 1116 968 1165 pro
996 1103 1162 1166 quibus
1187 1117 1341 1150 annue
1363 1103 1532 1151 decem
1553 1118 1721 1150 marcae
1746 1101 1849 1167 post
1870 1101 2006 1167 ipsius
2029 1102 2215 1149 obitum
2237 1117 2324 1167 pro
2345 1100 2438 1150 sti--
2504 1094 2505 1098 ¹

262 1173 443 1238 pendio
466 1184 724 1236 pauperum
749 1168 1033 1216 studentium
1063 1169 1111 1217 in
1136 1169 1465 1218 Univerfitate.
1536 1169 1896 1220 Testamentarii
1928 1169 1978 1220 ὃς
2011 1168 2281 1219 Provisores
2305 1183 2418 1219 con·

264 1240 549 1292 cordarunt,
574 1245 626 1286 ut
649 1243 781 1300 patet
803 1239 851 1285 in
874 1235 1068 1300 registro
1093 1238 1434 1287 Memoriarum
1462 1238 1549 1285 An.
1572 1251 1711 1298 1554·

332 1311 424 1356 An.
445 1320 584 1367 1554.
623 1320 700 1366 27.
732 1305 872 1352 Mare.
908 1304 1026 1352 obiit
1054 1305 1180 1353 idern
1217 1306 1308 1353 Dn.
1340 1304 1450 1367 Joh-
1474 1306 1532 1352 de
1555 1303 1837 1370 Sprekelse'n
1865 1303 2161 1354 convicarius
2181 1301 2337 1351 noster
2361 1319 2418 1369 ac

265 1371 483 1424 Prouisor
505 1365 643 1436 hujus
663 1374 832 1419 domus
857 1386 911 1418 ac
931 1371 1109 1434 legauit
1130 1375 1177 1421 in
1201 1372 1281 1420 suo
1306 1372 1592 1421 testamento
1613 1372 1796 1438 stopam
1822 1380 2097 1436 argenteam
2118 1369 2318 1436 insigniis
2333 1371 2427 1420 suis·

267 1439 400 1497 simul
418 1439 472 1490 ac
494 1440 783 1505 infigniis'pie
803 1440 1044 1487 memoriae
1068 1440 1324 1490 Domini&
1346 1439 1551 1504 Magistri
1566 1441 1797 1504 johannis
1818 1439 2000 1488 Kloeth
2022 1439 2264 1504 signatam,
2278 1449 2427 1504 quam

265 1508 629 1560 Testamentarii
653 1508 711 1556 D.
736 1506 969 1556 Henricus
992 1507 1315 1556 Sendenhorst
1335 1508 1384 1557 ὅ(
1406 1507 1666 1573 Gregorius
1689 1508 1935 1572 Nigebuer
1962 1507 2316 1573 praesentarunt.

602 1675 665 1733 2.
722 1639 1120 1734 Fundatio
1159 1648 1243 1733 ἃ
1281 1646 1576 1733 Statura
1618 1649 1772 1734 An.
1812 1651 2012 1759 1436.

873 1762 946 1823 Ex
966 1774 1081 1825 libro
1114 1778 1409 1826 Statutorum
1426 1773 1519 1842 fol.
1545 1791 1588 1840 7.
1602 1773 1742 1843 fiqq.

1282 1875 1321 1908 1.

238 1976 247 1978 e
366 1968 466 2002 nno
490 1951 518 2000 a
539 1953 803 2003 Nativitate
825 1954 1020 2004 Domini
1043 1956 1318 2016 Millefimo‚
1353 1961 1814 2026 quadringentesimo
1837 1961 2069 2010 tricefimo
2094 1961 2224 2010 sexto
2250 1978 2417 2028 perpe-

382 2021 450 2069 tui
469 2022 627 2071 vicarii
650 2031 764 2071 tunc
788 2024 834 2070 in
859 2024 1059 2072 Ecclesia
1074 2027 1120 2074 B.
1139 2026 1294 2075 Mariae
1312 2028 1657 2093 Hamburgenfi
1684 2029 1987 2092 personaliter
2006 2030 2276 2087 relidenteS,
2301 2047 2417 2095 quo-

380 2104 482 2136 rum
508 2105 728 2138 numerus
751 2100 865 2139 tunc
890 2101 990 2139 erat
1010 2095 1199 2157 triginta
1221 2096 1316 2142 duo
1331 2098 1385 2142 ad
1409 2094 1597 2143 laudem
1630 2097 1674 2145 ὅ(
1697 2094 1935 2144 honorem
1960 2098 2305 2161 omnipotentis
2328 2098 2418 2145 Dei

200 2155 431 2204 duntaxat
453 2157 512 2205 de
536 2159 672 2206 bonis
696 2159 742 2208 ὃ(
766 2163 902 2206 rebus
929 2162 1011 2207 suis
1036 2162 1236 2227 propriis
1260 2163 1359 2227 iplis
1385 2163 1410 2209 a
1435 2165 1539 2210 Deo
1563 2160 1743 2213 collatis
1760 2179 1902 2228 panes
1927 2165 2171 2229 filigeneos
2192 2165 2417 2214 &semel-

201 2221 267 2270 las
291 2223 496 2272 triticeas
521 2225 643 2274 inter
665 2226 770 2275 se&
787 2226 918 2285 alios,
954 2243 1072 2290 quos
1096 2229 1246 2277 forsan
1269 2232 1326 2277 ad
1348 2232 1443 2278 hoc
1458 2241 1655 2296 propter
1670 2233 1822 2279 Deum
1838 2232 2002 2279 futuris
2026 2233 2320 2295 temporibus
2335 2233 2418 2280 ad-

202 2290 393 2338 mittere
414 2292 732 2342 decreuerunt
747 2295 825 2342 sub
847 2295 999 2343 modis
1015 2295 1062 2345 ὃε
1085 2297 1249 2345 formis
1273 2299 1455 2346 dandos
1475 2299 1523 2347 t&
1548 2299 1887 2347 distribuendos
1907 2298 2417 2350 noviterinstituerunt.

297 2372 342 2405 2.
374 2358 495 2407 Sane
520 2361 661 2425 igitur
682 2377 791 2409 cum
812 2365 1133 2427 unusquisque
1155 2366 1359 2429 prudens
1387 2381 1446 2411 eo
1471 2365 1689 2415 direffius
1713 2373 1855 2431 atque
1874 2367 2101 2414 intentius
2127 2367 2222 2415 suas
2243 2369 2300 2415 ad
2320 2369 2418 2416 hoe

202 2424 372 2489 incipit
393 2425 601 2476 afflones
626 2437 678 2476 ut
702 2430 882 2478 suarum
905 2429 1146 2479 actionum
1175 2431 1317 2480 finem
1343 2432 1649 2489 defideratum
1674 2435 1834 2482 videat
1863 2434 1911 2483 ὅ(
1934 2434 2206 2498 cognoscat.
2290 2435 2416 2488 Nam

144 2499 150 2500 ’
205 2506 305 2539 non
327 2490 392 2539 est
415 2493 516 2541 satis
542 2498 669 2543 bono
695 2498 829 2560 operi
852 2489 1047 2563 ope'ram
1070 2501 1197 2553 dare,
1215 2500 1244 2548 si
1268 2515 1328 2548 ex
1349 2502 1543 2548 adverso
1560 2503 1927 2565 impedientibus
1944 2518 2042 2550 non
2065 2501 2249 2549 relistat.
2288 2502 2416 2550 Hinc

205 2557 286 2615 est,
311 2560 438 2624 quod
453 2559 608 2625 lingua
630 2564 818 2612 subdola
843 2565 1094 2629 plurimum
1109 2569 1308 2632 impedit
1331 2569 1637 2633 &perturbat
1652 2570 1773 2618 bene
1794 2585 1934 2634 agere
1966 2571 2209 2632 cupientes
2245 2576 2417 2618 contra

205 2626 458 2676 veritatem
479 2628 775 2678 detrahendo
801 2632 848 2681 c&
870 2633 978 2681 falsa
1000 2634 1288 2684 seminando.
1550 2686 1560 2689 ,

313 2708 354 2754 3.
392 2694 581 2743 Idcirco
606 2695 736 2761 supra
759 2698 869 2747 dieti
886 2701 1065 2751 Vicarii
1090 2702 1364 2752 fundatores
1388 2694 1584 2769 panum,
1608 2702 1936 2769 praedicstorum
1962 2701 2320 2766 malignantium
2341 2719 2420 2752 co·-

203 2762 390 2810 natibus
416 2762 633 2812 volentes
664 2765 886 2824 obuiare,
920 2783 980 2815 ne
1002 2777 1098 2818 tam
1120 2770 1232 2819 utile
1256 2772 1303 2821 ὅς
1333 2788 1590 2820 commune
1614 2774 1819 2828 bonum,
1848 2785 1932 2835 per
1949 2769 2234 2818 clamerosos
2265 2773 2417 2819 detre-

204 2826 411 2877 &atores
442 2845 586 2894 panes
613 2830 850 2895 predI&os
866 2862 879 2886 ‚
912 2838 1095 2883 ratione
1123 2838 1303 2887 suarum
1329 2840 1623 2888 Vicariarum
1647 2839 1696 2889 ὅ(
1719 2855 1817 2886 non
1843 2853 1903 2886 ex
1928 2837 2109 2902 speciali
2130 2839 2418 2905 gratiaipsp-

119 2934 121 2936 r
205 2910 310 2945 rum
334 2912 479 2962 panes
503 2900 864 2964 percipientium
889 2901 1063 2949 habere
1086 2905 1434 2967 presumentes,
1465 2906 1696 2955 desoletur
1715 2907 1762 2953 in
1786 2906 2011 2954 futurum.

302 2978 349 3027 4.
385 2965 694 3035 Qapropter
722 2969 947 3020 noverint
978 2970 1173 3022 universi
1198 2973 1246 3024 ὅ(
1269 2973 1431 3039 singuli
1463 2974 1641 3024 Vicarii
1662 2973 1916 3039 participes
1941 2986 2118 3039 panum
2148 2968 2419 3091 hujusmogci
