2541 3415
217 113 315 175 296
1018 130 1021 132 ·
1087 108 1198 164 Die'
1213 108 1360 159 britte
1381 106 1598 175 bessaric

219 228 329 275 loco
352 226 555 303 specialis
581 226 736 274 statuti
760 226 809 275 δι
829 227 1199 281 consuetudinis,
1223 228 1299 275 cui
1321 229 1552 291 derogare
1575 226 1684 276 nulli
1707 226 1776 275 fas
1800 225 1869 284 sit,
1886 226 2049 275 haberi
2066 226 2242 276 debere
2265 223 2433 277 statue·

218 302 328 342 runt
351 308 568 426 &stig
578 326 638 407 ex
661 360 1011 424 praenorninatae
1033 359 1332 408 fraternitatis
1353 357 1431 407 vel
1456 356 1658 420 Collegii
1693 361 2006 422 prouisoribus
2028 362 2077 412 ὃς
2107 360 2311 410 Vicariis
2334 368 2432 409 tam

219 426 518 492 praesentibus
546 442 686 490 quam
717 427 881 474 futuris
916 427 1117 490 aliquem
1152 441 1212 472 ex
1237 427 1394 472 diuina
1425 422 1674 471 voluntate
1709 429 1754 471 in
1790 426 2025 489 posterum
2061 432 2182 477 mori
2210 430 2430 491 ,contige-

219 497 309 550 rit‚
343 494 472 559 quod
494 502 607 542 tunc
622 495 830 541 eiusdem
852 492 1039 540 relfflae
1062 493 1303 556 legittima:
1331 491 1499 537 Viduae
1517 488 1595 537 vel
1618 490 1813 547 Liberis,
1838 493 1954 540 a‘die
1977 494 2431 544 obitusimmediate

220 561 527 624 auspicando,
552 575 636 625 per
659 562 894 623 integrum
927 560 1166 606 biennium
1189 573 1276 621 pro
1310 557 1441 604 annis
1470 554 1649 604 ›Gratiae
1682 557 1730 606 <Sc
1772 559 2000 607 Deseruiti
2033 562 2110 609 vel
2135 564 2256 610 bene
2287 570 2431 627 atque

218 627 392 676 utiliter
413 633 592 675 nauatae
617 641 773 689 operae
797 624 1212 688 compensatione,
1247 622 1378 670 simul
1401 625 1542 671 etiam
1564 624 1610 670 in
1635 623 1847 674 solatium
1871 625 2081 675 desunffi
2103 628 2335 676 eiusmodi
2349 645 2432 693 pa-

222 709 304 742 nes
326 694 537 742 totaliter
557 696 725 740 cedere
748 692 797 740 ὃς
817 690 906 737 fiue
927 691 1215 755 exceptione
1237 690 1313 737 uel
1347 690 1697 739 contraditione
1718 690 2042 741 subministrari
2076 696 2309 749 debeant,
2330 712 2431 743 non

220 761 353 809 aliter
376 773 434 809 ac*
460 760 488 808 si
512 757 760 807 defun&us
785 758 940 805 adhuc
963 756 1186 821 superstes
1213 757 1261 806 <Sc
1282 755 1522 805 actualiter
1547 756 1748 805 residens
1771 759 1935 806 iisdem
1949 761 2284 823 perfrueretur,
2297 763 2432 810 dum-

140 867 143 870 .
226 829 375 876 modo
398 836 558 875 tamen
575 824 785 873 eiusdem
806 823 1036 888 legittima
1055 822 1216 872 relifi'ra
1242 824 1314 871 uel
1337 823 1497 881 liberi,
1532 826 1610 887 qui
1634 823 1708 872 illa
1730 827 2041 890 perceptione
2064 829 2127 875 ob
2150 829 2432 877 memoriam

218 894 426 943 desunffi
448 894 682 958 gau-dent,
706 890 1005 955 personalem
1029 891 1323 939 residentiam
1346 891 1395 940 &
1417 906 1577 938 curam
1599 892 1903 940 domesticam
1917 895 2154 958 propriam
2168 896 2216 944 in
2239 896 2433 944 ciuitate

218 959 559 1023 Hamburgenfi
578 959 854 1015 habuerint,
892 958 1000 1007 alias
1027 958 1322 1006 absentantes
1345 957 1423 1006 vel
1444 956 1689 1005 domicilio
1712 960 1760 1007 in
1784 960 1876 1007 hac
1898 961 2014 1007 vrbe
2038 969 2172 1008 certo
2198 971 2432 1020 carentes,

218 1029 384 1092 vigore
408 1025 686 1075 statutorum
709 1026 760 1076 δε
777 1025 1172 1074 consuetudinum
1196 1033 1429 1082 veterum,
1453 1026 1590 1073 huius
1616 1025 1832 1075 beneficii
1855 1027 2084 1092 paticipes
2109 1026 2200 1085 effe
2223 1044 2324 1077 non
2348 1044 2435 1094 po-

221 1101 400 1144 terunt.
2132 1096 2134 1103 “
2282 1100 2285 1102 ’
2434 1126 2438 1131 -

345 1161 419 1209 Vt
441 1166 600 1211 autem
624 1153 729 1208 haee'
747 1156 902 1206 nostra
935 1156 1161 1207 effe&um
1195 1158 1324 1206 suum
1360 1173 1419 1205 eo
1439 1157 1604 1206 melius
1630 1158 1874 1216 sortiatur,
1911 1159 1960 1209 ὃς
1983 1159 2266 1209 succeflores
2291 1168 2435 1226 atque

182 1257 185 1259 —
217 1226 389 1293 posteri
419 1226 681 1274 solidiorem
713 1224 917 1275 fructum
947 1226 1158 1274 eiusdem
1192 1226 1437 1290 percipere
1469 1222 1672 1289 poffint‚
1714 1228 1825 1274 ideo
1860 1226 2125 1289 postulante
2157 1229 2254 1277 hoc
2283 1229 2432 1293 ipsum

218 1292 493 1344 neceffitate
517 1291 787 1350 staminum,
811 1300 863 1342 vt
887 1292 1084 1357 quilibet
1105 1293 1320 1341 Vicarius
1342 1290 1545 1339 residens
1568 1292 1617 1341 <Sc
1642 1308 1787 1356 panes
1820 1295 2088 1358 percipiens
2118 1295 2435 1358 prouisoribus

216 1361 518 1409 fraternitatis
544 1360 619 1407 uel
653 1359 883 1425 Collegii,
906 1367 1105 1424 propter
1135 1356 1259 1408 hanc
1289 1358 1635 1423 dispositionem
1660 1360 1710 1410 ὃς
1744 1357 2101 1408 conceffionem
2135 1362 2238 1410 usus
2259 1361 2435 1411 fru&us

217 1427 471 1483 biennalis,
498 1428 769 1492 quindecim
792 1442 972 1475 marcas
1000 1427 1293 1475 Lubecenses
1326 1425 1500 1483 soluat,
1526 1428 1584 1474 ad
1608 1441 1748 1490 quam
1783 1425 2068 1475 solutionem
2094 1428 2187 1476 siue
2219 1443 2436 1477 numera·

219 1497 403 1544 tionem
426 1495 473 1542 in
498 1493 737 1559 posterum
757 1508 926 1542 omnes
951 1491 1258 1551 successores,
1285 1495 1364 1558 qui
1385 1507 1528 1556 panes
1552 1494 1844 1557 percipiunt,
1867 1496 2186 1552 tenebuntur,
2219 1496 2298 1559 qui
2319 1510 2435 1543 vero

219 1563 343 1611 hanc
369 1562 749 1609 numerationem
770 1562 1080 1617 recusauerit,
1116 1560 1413 1623 semetipsum
1433 1561 1492 1606 ab
1525 1561 1622 1606 hoc
1648 1557 1883 1608 beneficio
1907 1560 2131 1608 biennalis
2152 1560 2435 1611 ususfructus

123 1680 138 1692 ,
221 1629 390 1693 sponte
416 1628 458 1675 se
483 1626 717 1676 exclusisse
740 1629 999 1685 uidebitur,
1035 1627 1240 1690 ideoque
1270 1627 1318 1675 v&
1341 1626 1437 1673 hoc
1461 1624 1745 1675 beneficium
1779 1626 2003 1675 biennalis
2033 1629 2356 1693 perceptionis
2376 1630 2435 1678 ad

222 1695 431 1744 relistam
455 1694 644 1742 viduam
667 1695 715 1743 &
738 1694 907 1742 liberos
931 1693 1249 1741 transmittere
1275 1708 1373 1740 non
1397 1694 1593 1758 poterit,

360 1762 582 1824 Cumque
604 1768 701 1808 tam
724 1759 891 1809 diuinae
915 1759 1028 1825 legis
1054 1763 1308 1808 autoritate
1331 1773 1471 1823 quam
1497 1761 1577 1824 pio
1601 1757 1829 1807 institutio
1854 1759 2101 1823 primitiuae
2125 1759 2337 1810 Ecclesiae
2361 1778 2436 1811 or·v
2491 1817 2495 1821 ,

221 1829 318 1878 dini
343 1826 501 1876 nostro
522 1826 753 1891 legittima
775 1828 996 1891 coniugia
1015 1825 1231 1875 concessa
1253 1827 1363 1879 sint,
1397 1827 1506 1874 ideo
1537 1826 1586 1875 &
1611 1827 1707 1873 hoc
1742 1829 1939 1875 nomine
1969 1829 2232 1876 concordes
2257 1830 2305 1878 in
2337 1831 2435 1879 vim

221 1896 356 1943 huius
376 1894 532 1942 statuti
556 1893 805 1957 disponere
827 1893 1093 1949 noluimus,
1130 1894 1259 1956 quod
1282 1892 1310 1939 fi
1334 1894 1615 1957 contigerit,
1651 1901 1702 1941 vt
1728 1894 1830 1956 quis
1854 1908 1915 1941 ex
1936 1895 2263 1958 praenominati
2274 1895 2435 1945 Colle-

223 1963 287 2026 gii
306 1961 396 2009 siue
421 1962 724 2009 fraternitatis
763 1958 928 2009 nostrae
963 1960 1281 2021 prouisoribus
1312 1958 1390 2007 vel
1423 1960 1623 2008 Vicariis
1643 1959 1745 2006 fato
1781 1960 2089 2009 succumbens
2118 1963 2307 2011 viduam
2339 1979 2435 2012 una

220 2029 332 2077 cum
354 2029 505 2077 liberis
526 2029 794 2092 reliquerit,
831 2028 927 2074 hoc
951 2027 1055 2075 casu
1075 2025 1235 2075 reliCta
1255 2026 1393 2073 vidua
1415 2042 1508 2074 nna
1533 2042 1642 2074 cum
1669 2025 1823 2074 liberis
1849 2027 1946 2075 hoc
1969 2026 2204 2077 beneficio
2229 2030 2432 2080 biennali

221 2098 470 2159 gaudebit,
498 2097 630 2161 'quod
655 2095 683 2142 si
709 2109 824 2142 uero
847 2111 945 2141 non
971 2096 1111 2142 vidua
1133 2093 1206 2141 sed
1228 2093 1359 2141 liberi
1385 2095 1520 2142 unius
1543 2093 1619 2141 uel
1643 2093 1828 2141 alterius
1852 2096 2139 2144 matrimonii
2172 2096 2433 2160 superstites

222 2162 421 2216 fuerint,
452 2178 511 2210 eo
537 2162 642 2211 casu
666 2165 743 2226 qui
768 2169 906 2210 aetate
937 2160 1143 2225 reliquos
1167 2162 1405 2226 precedit,
1439 2162 1581 2209 etiam
1614 2162 1661 2208 in
1698 2161 2010 2225 perfruitione
2044 2163 2182 2210 huius
2217 2163 2432 2213 beneficii

212 2230 582 2293 vpraerogatiuam
605 2230 826 2287 habebit,
861 2226 1124 2276 dummodo
1147 2243 1207 2274 ex
1230 2228 1439 2276 Arbitrio
1469 2228 1782 2276 Dominorum
1813 2229 2136 2291 prouisorum,
2165 2230 2342 2293 absque
2363 2246 2434 2277 re·

224 2294 446 2359 du&ione
469 2297 859 2346 concurrentibus
882 2296 1246 2356 cohaeeredibuS,
1270 2295 1354 2343 suis
1379 2297 1522 2344 etiam
1546 2296 1643 2342 hoc
1665 2296 1862 2343 nomine
1895 2293 1983 2359 pro
2005 2296 2189 2344 ratione
2218 2296 2426 2346 fortuna-

226 2377 332 2410 rum
357 2363 525 2427 aliquid
551 2363 821 2413 contulerit.

356 2428 575 2494 Cumque
598 2430 836 2496 perpetuis
856 2436 984 2477 retro
1005 2428 1301 2493 temporibus
1323 2442 1472 2492 usque
1494 2425 1553 2476 a'd
1577 2427 1699 2476 hanc
1727 2425 1932 2476 nostram
1955 2434 2144 2476 aetatem
2168 2430 2334 2492 vigore
2347 2427 2430 2477 sta·

226 2499 439 2543 tutorum
461 2496 512 2545 ὁ(
535 2497 926 2546 consuetudinum
949 2496 1013 2544 ita
1035 2503 1228 2544 cautum
1245 2497 1301 2544 ὃς
1325 2496 1622 2543 obseruatum
1643 2495 1783 2543 fuerit
1799 2527 1814 2552 ,
1852 2498 1981 2560 quod
2003 2496 2196 2559 quilibet
2217 2496 2428 2544 Vicario-

225 2579 390 2619 „ii-um,
416 2562 493 2625 qui
517 2562 636 2610 fasta
661 2564 886 2629 requisitae
916 2578 975 2611 ex
996 2577 1131 2611 more
1154 2569 1353 2626 recepto
1379 2562 1566 2610 summa:
1588 2563 1866 2626 pecuniaria:
1887 2563 2240 2616 numeratione,
2273 2561 2322 2610 ὅς
2344 2578 2429 2609 no-

226 2630 397 2687 „minis
419 2629 481 2677 sui
504 2633 550 2677 in
571 2630 861 2679 matrIcularn
885 2630 1138 2679 insertione
1166 2630 1440 2694 subsequuta
1455 2626 1532 2693 jus
1554 2629 1805 2694 prioritatis
1827 2630 1874 2677 in
1896 2628 2206 2693 percipiendis
2228 2626 2428 2677 Panibus

227 2697 560 2760 ,‚impetrauit,
586 2711 670 2759 per
693 2698 907 2758 proxime
932 2698 1177 2761 sequentes
1198 2698 1365 2761 viginti
1396 2695 1474 2744 sex
1498 2697 1821 2746 hebdomadas
1842 2694 1967 2743 istius
1998 2694 2318 2758 perceptionis
2352 2697 2429 2744 be-

228 2761 436 2822 „neficio
453 2762 704 2813 ¹attualiter-
725 2762 772 2811 δι
795 2777 904 2810 cum
926 2762 1094 2812 effestu
1115 2764 1204 2812 frui
1225 2780 1323 2812 non
1345 2761 1502 2829 poffit.

357 2832 503 2894 Atqui
528 2844 588 2876 ne
608 2832 653 2878 in
678 2827 915 2894 posterum
940 2829 1105 2877 sinistra
1127 2828 1262 2878 huius
1292 2830 1448 2879 statuti
1480 2831 1809 2895 interpretatio
1833 2825 2126 2875 diflenfiones
2149 2827 2324 2892 pariat,
2351 2827 2426 2875 sed

229 2896 424 2962 quilibet
458 2897 755 2946 Vicariorum
787 2904 884 2945 tam
915 2895 1233 2948 intentionem
1267 2897 1568 2948 statuentium
1599 2911 1739 2961 quam
1775 2892 1998 2946 effe-&um
2025 2893 2160 2953 huius
2190 2893 2428 2945 Constitu*

2287 2963 2427 3011 tionis
