2541 3415
2312 156 2343 163 —4

719 149 961 199 Proceffus
986 148 1170 214 Papalis
1193 150 1738 205 Excommunicaeorius4
2241 153 2336 221 ξξῑ

126 274 367 340 expensaS,
393 284 556 319 coram
578 267 743 326 vobiS,
780 266 990 332 legitime
1023 264 1170 315 saetas
1205 275 1464 332 propterea
1495 273 1885 324 condemnandos
1904 279 2035 336 fore,
2077 280 2125 329 &
2149 268 2342 344 pezlv‘os

125 340 428 390 condemnari
451 339 510 383 de
530 334 739 399 expensis
761 332 925 383 fiendis
960 333 1265 399 solempniter
1300 336 1634 399 protestando,
1669 353 1722 385 ac
1746 339 1852 388 alias
1880 344 1987 392 inde
2008 347 2054 396 ὅ(
2079 348 2212 413 super
2237 361 2342 413 pre-

123 408 243 458 mifis
267 406 484 454 omnibus
506 402 554 451 ὅ(
580 401 761 466 fingulis
795 402 872 449 fibi
891 400 988 450 fieri
1009 401 1056 451 δε
1081 400 1365 454 manifestari
1394 404 1562 452 debitis
1583 401 1758 466 justitie
1795 412 2215 472 complementum,
2282 417 2342 463 Et

120 472 334 540 premissa
355 473 476 536 petit
499 469 782 517 Procurator
805 469 983 526 didius,
1021 485 1115 533 quo
1138 468 1272 535 supra
1297 473 1517 528 nomine,
1552 480 1646 520 tam
1684 470 2002 535 conjunfflm,
2051 497 2189 543 quam
2221 483 2341 532 divi-

123 543 231 598 fim,
266 539 483 588 omnibus
506 537 777 585 melioribus
809 536 983 594 modo,
1023 538 1123 590 via,
1160 533 1291 598 jure,
1328 538 1464 585 causa*
1492 538 1541 587 &
1575 539 1753 596 forma,
1793 542 1957 604 quibus
1991 546 2154 595 melius
2176 549 2222 600 ὃ(
2246 547 2343 598 effi-

122 610 277 657 cacius
303 605 458 671 potest
480 605 529 654 ἃ
554 606 721 661 debet,
745 603 947 653 vestrum
971 605 1105 669 super
1129 604 1200 652 his
1224 604 1505 669 &quolibet
1527 607 1729 671 ipsorum
1750 609 2012 671 benignum
2039 611 2244 663 officium
2259 616 2344 664 hu-

119 674 293 724 militer
312 673 624 737 implorando.
693 673 803 736 Qa
824 673 1057 736 petitione
1083 671 1140 719 sic
1164 671 1321 720 oblata
1343 689 1432 721 nos
1458 674 1513 721 ad
1539 672 1749 736 ejusdem
1784 680 1845 724 M.
1867 673 2108 734 Johcmnis
2131 680 2342 748 Qemin

119 743 439 808 procuratoris
460 738 747 796 instantiam,
787 739 1070 803 sepedit‘cum
1103 740 1192 786 Dn.
1226 738 1476 789 Nicolaum
1512 756 1571 788 ex
1604 743 1799 790 adverso
1839 747 2157 808 procuratoris
2186 750 2242 796 ad
2265 764 2344 798 au-

121 810 340 857 diendam
364 807 663 856 voluntatem
687 805 888 853 nostram
914 807 1047 870 super
1067 806 1438 856 declarationem
1461 824 1652 874 precum
1669 809 1848 858 suarum
1873 813 1919 858 in
1935 813 2184 876 personam
2199 814 2343 872 suam,

120 892 176 924 ac
204 875 409 923 nostram
433 874 625 938 desuper
660 873 706 920 in
736 874 803 921 his
837 873 1324 938 serio-promulgatam
1360 876 1641 924 sententiam
1675 876 1753 926 vel
1776 879 1834 925 ad
1859 880 2112 929 dicendum
2138 884 2197 931 ad
2236 898 2344 932 cau·

121 944 232 1001 sam,
254 943 282 990 fi
306 958 449 1007 quam
473 942 687 996 haberet,
712 940 1066 998 rationabilem,
1083 956 1226 1006 quare
1247 944 1294 991 id
1313 940 1412 991 fieri
1427 959 1525 991 non
1539 945 1734 992 deberet
1748 974 1762 998 ‚
1801 960 1887 1009 per
1909 950 2112 997 eundem
2132 949 2344 1001 nostrum

82 1057 84 1059 .
119 1011 348 1059 nuncium
375 1009 508 1057 citari
530 1009 851 1056 mandavimus
877 1008 925 1057 &
948 1009 1169 1066 fecimus,
1203 1011 1261 1057 ad
1283 1019 1466 1059 certum
1488 1013 1862 1077 peremptorium
1878 1016 2132 1065 terminum
2147 1033 2343 1084 compe·

122 1086 334 1133 tentem,
365 1075 586 1124 videlicet
611 1077 668 1122 ad
694 1077 816 1122 diem
841 1075 889 1123 ὅ(
912 1076 1079 1123 horam
1113 1076 1229 1124 infra
1254 1076 1421 1126 difi‘cos.
1493 1079 1655 1144 Qem
1677 1082 1932 1130 terminum
1958 1084 2143 1142 eidem,
2184 1085 2341 1149 Magi-

107 1142 206 1206 stro
229 1140 678 1207 Johanne‘Quemin
712 1140 908 1189 instante
937 1143 983 1191 ὃς
1008 1152 1230 1208 petente,
1268 1143 1549 1209 praefiximus
1585 1154 1699 1194 tunc
1726 1148 1784 1195 ad
1817 1149 1958 1197 idem.
2035 1152 2221 1216 Qibus
2243 1155 2344 1218 qui-

120 1213 230 1258 dem
266 1211 340 1257 die
374 1210 422 1258 ὃς
456 1211 574 1257 hora
608 1209 998 1262 advenientibus,
1033 1213 1381 1275 comparuitin
1408 1212 1591 1276 judicio
1628 1229 1790 1263 coram
1822 1218 1959 1265 nobis
1992 1220 2247 1282 prelibatos
2272 1222 2341 1270 M.

116 1275 361 1335 Johannes
384 1275 596 1344 Qentin
618 1278 949 1340 procuratorio
970 1293 1066 1341 quo
1088 1278 1221 1343 supra
1253 1282 1447 1328 nomine
1480 1280 1789 1339 Procurator,
1822 1282 1871 1332 ὅ(
1891 1286 2102 1349 praefato·
2125 1288 2340 1337 Domino

123 1343 315 1394 Nicolao
339 1360 397 1391 ex
422 1344 618 1393 adverso
639 1351 948 1408 procuratore
972 1360 1071 1392 non
1096 1356 1423 1410 comparente,
1447 1350 1797 1397 contumaciam
1821 1353 2074 1411 accusavit,
2099 1354 2343 1421 ipsumque

119 1420 455 1460 contumacem
490 1411 697 1475 reputari
732 1411 851 1459 &in
884 1408 984 1474 ejus
1016 1415 1370 1462 contumaciam
1402 1414 1554 1463 (licitos
1591 1416 1866 1481 spoliatores
1890 1418 1939 1468 ὅ(
1959 1418 2266 1470 ἷοτεῐειᾶοτεε
2292 1425 2340 1481 in

110 1478 234 1527 affls
267 1478 399 1525 cause
430 1475 702 1538 hujusmodi
736 1478 1009 1525 nominatos
1043 1494 1305 1544 eorumque
1338 1481 1630 1546 complices,
1671 1481 1999 1546 coadjutoreS,
2036 1488 2339 1549 consiliarios,

117 1544 389 1594 Fautores&
412 1543 680 1591 defensores
706 1546 1216 1594 excommunicationis
1244 1548 1539 1603 sententiam,
1560 1550 1609 1599 &
1633 1550 1742 1598 alias
1767 1566 1930 1614 penas,
1953 1556 2337 1606 censuras&sen-

118 1613 288 1661 tentias
314 1620 481 1659 contra
502 1626 583 1658 eos
608 1618 806 1675 propter
827 1610 1040 1675 premissa
1073 1612 1188 1660 latas
1214 1613 1422 1661 incidisse
1445 1615 1696 1674 declarari,
1718 1633 1772 1665 ac
1793 1618 1996 1668 nostram
2019 1622 2218 1686 desuper
2248 1641 2337 1689 pro

119 1681 164 1729 se
187 1681 231 1730 δι
257 1687 389 1744 parte
414 1680 487 1727 sua
508 1679 557 1729 ὅ(
583 1685 752 1726 contra
774 1686 960 1742 partem
985 1680 1225 1728 adversam
1251 1681 1300 1728 in
1324 1681 1501 1747 scriptis
1524 1682 1702 1732 fierirac
1735 1685 2025 1749 promulgari
2058 1690 2340 1741 sententiam

113 1746 252 1812 juxta
275 1748 371 1794 vim
391 1747 594 1794 formam
617 1746 666 1795 ὅ(
689 1755 908 1795 tenorem
932 1762 1018 1812 per
1039 1763 1150 1796 eum
1186 1748 1391 1813 superius
1414 1750 1571 1800 oblate
1599 1751 1845 1817 petitionis
1869 1754 2094 1806 instanter
2129 1760 2267 1823 petiit
2290 1760 2341 1811 ὅς

158 1814 388 1863 ostulavit.

121 1832 152 1881 p
255 1884 358 1929 Nos
382 1888 496 1929 tunc
515 1881 787 1929 Fredericus
818 1878 963 1944 judex
985 1880 1033 1930 ὅ(
1055 1890 1286 1932 executor
1308 1885 1515 1949 prefatus
1547 1886 1861 1951 supradifi'cum
1885 1889 1975 1938 Du,
2002 1891 2255 1943 Nicolaum
2279 1910 2338 1944 ex

121 1950 315 1999 adverso
340 1949 699 1996 Procuratorem
724 1964 820 1996 non
835 1958 1221 2013 comparentem,
1253 1951 1365 2000 licet
1388 1953 1559 2002 diutius
1574 1955 1893 2020 exspe&atum
1906 1961 2226 2022 reputavimus
2239 1978 2340 2011 me-

120 2020 211 2064 rito
228 2050 242 2073 ,
275 2024 418 2080 prout
440 2024 539 2063 erat
561 2017 758 2079 exigens
776 2012 953 2078 justitia
978 2024 1342 2076 contumacem,
1375 2020 1425 2068 &
1447 2021 1494 2068 in
1516 2018 1614 2084 ejus
1638 2025 1989 2073 contumaciam
2012 2026 2114 2075 visis
2144 2044 2229 2092 per
2249 2046 2338 2078 nos

121 2083 339 2148 primitus
363 2082 411 2130 ὅ(
435 2082 701 2145 diligentius
724 2082 938 2145 inspeetis
962 2084 1181 2132 omnibus
1204 2085 1252 2134 ὅ(
1275 2085 1460 2149 singulis
1484 2088 1596 2136 affis
1617 2088 1846 2146 affltatis,
1876 2090 2019 2140 literis
2034 2125 2048 2149 ,
2086 2093 2336 2159 scripturis,

121 2149 436 2199 instrumentis
462 2148 656 2213 aliisque
676 2146 854 2211 juribus
879 2150 927 2200 <Sc
952 2153 1301 2208 monumentis,
1334 2169 1425 2200 nec
1450 2170 1548 2201 non
1572 2154 1757 2204 testium
1790 2157 2131 2221 productorum
2154 2163 2202 2213 ὅ(
2226 2178 2335 2213 exa-

120 2219 405 2265 minatorum
431 2215 561 2265 diesis
588 2217 635 2266 ὅ(
657 2216 1026 2280 depofitionibus
1047 2219 1093 2265 in
1113 2216 1382 2281 hujusmodi
1405 2223 1540 2268 causa
1561 2222 1730 2272 habitis
1755 2225 1972 2273 exhibitis
1995 2234 2136 2292 atque
2163 2233 2335 2295 produ-

43 2280 46 2283 ’
119 2284 222 2338 eris,
254 2283 448 2348 ipsisque
475 2299 581 2332 cum
610 2284 852 2348 diligentia
880 2285 929 2333 ὅ(
951 2286 1221 2333 maturitate
1248 2288 1405 2334 debita
1436 2290 1705 2348 recensitis,
1741 2291 1790 2340 &
1818 2292 1909 2357 qua
1937 2309 2022 2357 per
2055 2295 2334 2362 diligentem

122 2347 522 2400 examinationem
548 2354 829 2399 eorumdem
855 2351 1066 2408 testium,
1102 2362 1200 2400 tam
1225 2368 1285 2400 ex
1321 2369 1487 2402 eorum
1524 2355 1654 2404 ditiis
1680 2358 1729 2408 ὅ(
1762 2360 2159 2424 depositionibus,
2195 2381 2336 2430 quam

121 2421 493 2467 inhabitatorum
520 2418 642 2467 di&e
665 2427 787 2466 terre
810 2420 1066 2467 Wursatie
1097 2435 1155 2467 ex
1179 2421 1374 2485 adverso
1403 2422 1728 2488 principalium
1759 2425 2016 2476 literatoria
2052 2429 2336 2499 suorumque

121 2488 385 2535 amicorum
407 2486 454 2534 ὃ(
481 2495 846 2550 procuratorum
872 2487 927 2534 ad
954 2488 1076 2534 hanc
1100 2490 1280 2535 causam
1306 2488 1544 2537 mistorum
1559 2491 1608 2540 ὃς
1629 2492 1994 2543 constitutorum
2010 2501 2198 2562 propria
2221 2516 2335 2550 con-

124 2551 319 2613 fessione
340 2558 600 2617 reperimus
625 2553 838 2617 premissa
869 2555 1028 2602 omnia
1062 2554 1110 2603 ὅ(
1141 2555 1312 2619 singula
1338 2571 1422 2620 per
1444 2557 1730 2622 sepedifi'mm
1763 2560 2047 2625 sisagistrum
2069 2563 2334 2623 Johannem

123 2620 334 2689 Qentin
355 2629 732 2685 procuratorem,
756 2621 803 2670 ὃς
827 2637 914 2685 pro
938 2629 1070 2686 parte
1095 2622 1170 2670 sua
1193 2624 1240 2670 in
1263 2625 1353 2672 hac
1375 2626 1500 2682 data,
1525 2625 1739 2691 allegata,
1760 2631 1996 2693 proposita
2020 2633 2067 2682 ὅ(
2087 2634 2334 2694 ρτοόυᾶε,

123 2693 245 2737 adeo
270 2689 377 2736 fore
400 2687 585 2753 publi-ca
609 2690 798 2736 notoria
829 2689 878 2738 ὃ(
899 2687 1166 2746 manifesta,
1201 2691 1330 2755 quod
1357 2691 1485 2740 nullo
1511 2703 1685 2758 queant
1716 2697 2112 2761 tergiversationis
2136 2703 2334 2768 caligine.

125 2755 354 2804 obfuscari
376 2756 452 2803 seu
476 2754 642 2813 celari,
676 2770 765 2804 nec
786 2754 918 2804 locus
943 2755 1265 2820 justificationi
1286 2759 1470 2821 existit3
1505 2762 1689 2810 Idcirco·
1722 2766 1782 2811 de
1806 2761 2184 2829 jurisperitorum
2221 2786 2333 2819 con-

126 2823 220 2870 filio
245 2824 292 2872 «Sc
317 2821 519 2876 assensu,
570 2825 736 2886 quibus
759 2824 818 2870 de
842 2820 1111 2886 hujusmodi
1135 2826 1267 2874 cause
1287 2828 1458 2876 merito
1483 2828 1761 2879 relationem
1786 2831 2041 2895 plenariam
2065 2837 2261 2885 fecimus
2283 2838 2333 2888 ὃ(

126 2888 339 2947 fidelem,
375 2891 432 2937 ad
455 2890 824 2939 declarationem
848 2888 1119 2955 hujusmodi
1144 2892 1192 2942 ὅ(
1217 2892 1420 2944 nostram
1441 2897 1487 2944 in
1517 2897 1608 2945 hac
1627 2899 1762 2947 causa
1786 2899 2025 2949 ferendam
2058 2904 2105 2952 ὃ(
2127 2904 2334 2968 promul-

126 2959 329 3021 gendatn
354 2957 630 3008 sententiam
663 2959 1022 3023 procedendum
1057 2961 1273 3010 duximus
1304 2963 1353 3012 ὅ(
1386 2962 1717 3028 processimus,
1758 2982 1957 3032 eamque
1980 2984 2063 3032 per
2085 2985 2216 3028 eam,
2241 2988 2334 3036 que
2412 3020 2415 3024 ,

125 3025 324 3073 vidimus
346 3025 394 3076 ὃς
426 3028 772 3093 cognovimus,
811 3042 866 3076 ac
887 3028 946 3075 de
967 3027 1171 3092 presenti
1193 3029 1407 3079 videmus
1435 3032 1484 3081 &
1517 3034 1848 3097 cognoscimus
1879 3036 1938 3083 ad
1968 3035 2188 3101 sepediffi
2220 3038 2329 3088 Ma-

1328 3093 1376 3154 (ἓ
1400 3102 1417 3150 t
1454 3114 1483 3148 2
2195 3103 2332 3172 gistri
