2541 3415
251 109 346 175 336’
1098 115 1196 171 Die
1220 119 1370 204 niet-re
1397 119 1611 189 >satage

247 225 368 275 stitia
390 229 437 275 id
460 228 685 282 diffitante.
756 231 813 280 Et
835 233 884 280 in
906 246 1071 280 eorum
1099 237 1478 294 contumaciam,
1516 236 1623 302 sepe
1647 236 1758 287 dieti
1786 235 2010 303 Magistri
2035 237 2272 298 Johmmis
2302 242 2462 310 Qen-

247 292 340 341 tim'
364 300 682 359 procuratoris
704 297 917 348 instantia
940 303 1134 348 eosdem
1156 301 1348 350 ulterius
1371 303 1596 351 videlicet
1617 305 1898 368 principales
1927 323 2011 371 per
2032 308 2195 355 ssmiles
2219 308 2395 362 nostras
2410 309 2461 359 li-

249 370 371 410 teras
396 365 634 413 citatorias
659 367 706 413 in
731 366 877 415 valvis
904 370 978 415 seu
1004 370 1149 431 portis
1169 368 1437 424 antediffis,
1475 385 1528 416 ac
1551 370 1640 417 Dn.
1661 370 1905 420 Nicolaum
1929 373 2264 438 Deghenhardi
2294 390 2461 424 eorum

247 441 609 493 procurat-orem
634 434 970 498 supradiCtum‚
1010 451 1093 499 per
1117 445 1298 483 certum
1322 438 1548 484 nuncium
1572 436 1809 497 nostrum,
1846 441 1903 486 ad
1928 442 2024 489 hoc
2041 441 2252 506 juratum
2268 475 2283 499 ,
2309 444 2365 490 ad
2392 445 2462 491 vi·

247 498 454 545 dentium
478 499 526 548 ὅ(
547 501 832 549 audiendum
854 502 1008 549 literas
1033 504 1081 550 ὃ(
1105 501 1341 566 processus
1364 502 1548 549 nostros
1569 502 1871 567 hujusmodi,
1904 523 1994 556 nec
2019 525 2116 558 non
2138 509 2461 574 penas&sen-

246 566 418 613 sentias
440 568 487 613 in
509 566 685 615 eisdem
710 577 959 616 contentas
982 578 1180 632 propter
1211 583 1376 615 eorum
1404 572 1755 620 contumaciam
1775 572 1823 623 ὅ(
1844 575 2216 626 inobedientiam
2237 592 2460 641 aggrava·

243 632 307 687 ri,
336 631 491 681 literas
513 634 559 683 ὅ(
582 634 818 698 processus
853 638 1206 699 aggravatorios
1240 635 1435 700 desuper
1468 637 1518 684 in
1540 637 1693 686 forma
1715 639 1848 689 solita
1871 641 1920 691 ὅ(
1943 643 2167 691 consueta
2195 644 2459 695 decerni&

244 703 470 756 concedi,
504 701 582 750 vel
607 704 663 749 ad
688 703 937 749 dicendum
966 703 1015 750 &
1035 702 1242 756 causam,
1275 702 1304 750 si
1329 719 1469 767 quam
1488 703 1723 753 haberent
1741 709 2068 757 rationabilem
2085 744 2098 766 ,
2130 725 2274 775 quare
2298 711 2347 758 id
2358 711 2458 770 sieri

244 782 342 814 non
367 769 562 817 deberet
583 768 901 832 allegandam,
939 769 1069 816 citari
1096 769 1290 817 fecimus
1326 772 1374 820 ἃς
1410 773 1741 820 mandavimus
1762 776 1819 821 ad
1845 785 2025 824 certum
2050 777 2189 825 alium
2218 786 2459 840 peremto-⁵

243 835 365 881 rium
391 837 641 882 terminum
654 843 1016 899 competentem
1033 870 1046 892 ,
1062 837 1281 885 videlicet
1294 840 1351 885 ad
1376 840 1500 886 diem
1525 839 1574 888 ὅ(
1596 842 1765 888 horam
1788 841 1978 890 inferius
2001 852 2266 893 annotatas.
2339 845 2457 908 Qui-

243 903 327 960 bus
351 902 707 949 advenientibus
729 904 993 966 comparuit
1015 906 1185 960 iterum
1208 905 1254 952 in
1278 904 1460 968 judicio
1483 921 1646 955 coram
1669 909 1805 956 nobis
1828 909 2091 973 praelibatus
2125 908 2353 975 Magister
2369 910 2456 970 Jo÷

239 964 418 1016 hamzes
434 967 647 1033 Qentin
669 972 1025 1033 procuratorio,
1061 987 1156 1036 quo
1175 972 1341 1037 supra,
1375 976 1597 1032 nomine,
1628 975 1676 1025 <Sc
1709 973 1978 1038 hujusmodi
2000 977 2183 1026 ultimas
2214 979 2368 1037 literas
2391 980 2455 1027 ci-

243 1036 433 1085 tatorias
456 1037 502 1083 in
524 1035 669 1085 valvis
694 1036 768 1084 seu
791 1039 939 1102 portis
966 1038 1231 1103 supradiffls
1253 1042 1410 1089 debite
1432 1051 1653 1091 executas
1669 1076 1682 1100 ,
1710 1043 1865 1096 fafito,
1909 1043 2096 1093 realiter
2125 1045 2175 1095 ὅ(
2194 1046 2242 1093 in
2274 1045 2453 1108 scriptis

240 1102 543 1166 reproduxit‚
578 1105 931 1171 citatorumque
955 1107 1001 1154 in
1027 1108 1090 1155 eis
1115 1115 1455 1157 contentorum
1478 1126 1539 1157 ex
1563 1111 1893 1175 principalium
1918 1127 2009 1160 nec
2034 1128 2133 1160 non
2153 1113 2242 1160 Dn-
2268 1109 2457 1167 Nicolai

235 1167 573 1232 Deghenlmrdi
596 1186 759 1219 eorum
784 1176 1104 1237 procuratoris
1127 1175 1346 1240 sepediffl
1371 1193 1469 1225 non
1497 1179 1904 1242 comparentium,
1943 1179 2264 1243 nequeliteras
2287 1181 2455 1243 &pro-

237 1235 383 1284 cessus
408 1237 589 1285 nostros
607 1240 904 1297 -antedicstos,
938 1258 993 1289 ac
1019 1258 1163 1305 penas
1189 1244 1237 1293 ὃς
1260 1244 1512 1293 sententias
1538 1246 1584 1293 in
1614 1248 1678 1293 eis
1696 1254 1949 1293 contentas
1975 1248 2245 1311 aggravari,
2278 1246 2452 1294 literas„

239 1319 331 1368 que
353 1304 401 1353 δε
425 1306 660 1367 processus
685 1310 1043 1372 aggravatos-ios
1063 1310 1258 1375 desuper
1278 1313 1469 1360 decerni
1490 1313 1538 1362 δε
1562 1314 1767 1361 concedi
1787 1313 1979 1370 videre,
2013 1328 2168 1376 neque
2192 1313 2372 1361 causam
2386 1329 2454 1360 ra-

237 1371 543 1429 tionabilem,
581 1389 723 1438 quare
747 1377 792 1424 id
818 1375 915 1424 fieri
938 1393 1037 1425 non
1072 1380 1295 1437 deberet,
1328 1379 1526 1444 ailegare
1547 1382 1839 1438 curantium,
1874 1381 2178 1437 contumacia
2200 1381 2452 1437 accusavit,

236 1438 457 1504 ipsosque
478 1436 788 1490 contumaces
810 1446 1044 1508 reputari,
1079 1446 1126 1495 ὅ(
1148 1448 1194 1493 in
1218 1462 1384 1494 eorum
1418 1449 1768 1496 contumaciam
1794 1450 1983 1496 easdem
2006 1447 2161 1496 literas
2189 1448 2238 1498 ὅ(
2265 1462 2452 1513 proces-

236 1508 334 1563 sus,
365 1522 455 1555 nec
479 1525 578 1556 non
601 1524 746 1574 penas
771 1512 817 1560 ὅ(
842 1511 1093 1561 sententias
1113 1514 1159 1561 in
1184 1516 1248 1561 eis
1267 1523 1517 1563 contentas
1541 1518 1811 1580 aogravari,
1843 1516 2094 1580 literasque
2131 1515 2181 1564 &
2213 1513 2450 1580 processus

235 1576 590 1637 aggravatorios
614 1575 810 1641 desuper
831 1579 878 1625 in
903 1580 1056 1627 forma
1078 1580 1206 1627 solita
1228 1581 1277 1629 dc
1297 1583 1517 1630 consueta
1540 1557 1730 1631 dsscerni
1757 1583 1804 1632 ὃς
1827 1583 2028 1631 concedi
2054 1597 2138 1646 per
2157 1597 2266 1637 nos,
2293 1582 2453 1629 debita

150 1657 171 1674 a
236 1656 349 1688 cum
378 1641 594 1690 instantia
618 1643 887 1706 postulavit.
956 1647 1060 1693 Nos
1087 1656 1200 1694 tunc
1233 1645 1503 1696 Fridericus
1533 1652 1721 1703 Abbas,
1751 1647 1904 1714 judex
1932 1649 1980 1698 ὃς
2012 1658 2242 1697 executor
2267 1649 2452 1712 saepedi-

236 1706 338 1756 &us
364 1710 558 1756 eosdem
581 1710 751 1758 citatos
778 1728 875 1761 non
902 1722 1261 1778 comparentes,
1293 1730 1446 1778 neque
1471 1715 1718 1779 hujumodi
1743 1718 1834 1764 diei
1857 1719 2062 1766 termino
2084 1719 2130 1764 in
2157 1715 2313 1780 aliquo
2328 1715 2451 1763 satis--

232 1775 390 1822 sacere
418 1784 659 1834 curantes,
683 1777 795 1825 licet
817 1778 1095 1828 sufficienter
1114 1782 1284 1830 diutius
1309 1783 1357 1831 ὅ(
1379 1798 1524 1847 usque
1550 1786 1607 1830 ad
1629 1785 1797 1831 horam
1821 1785 2026 1832 debitam
2052 1783 2356 1851 expediatos,
2381 1797 2450 1830 re-

235 1844 506 1906 putavimus
530 1846 728 1902 merito,
754 1855 897 1909 prout
917 1856 1018 1895 erat
1048 1850 1241 1911 exigens
1266 1845 1467 1912 justitia,
1502 1860 1826 1909 contumaces,
1859 1852 1907 1900 ὃς
1932 1852 1979 1898 in
2005 1866 2171 1898 eorum
2201 1860 2449 1898 contuma-

232 1909 352 1956 ciam
386 1912 723 1969 attendendes,
767 1916 896 1976 quod
928 1922 1062 1962 tanto
1088 1918 1419 1964 communiora
1443 1918 1528 1965 sint
1552 1927 1775 1982 peccata,
1816 1921 2004 1982 quando
2031 1918 2207 1965 diucius
2239 1917 2449 1963 infelices

232 1976 410 2024 animas
435 1978 653 2025 detinent
676 1979 909 2044 alligatas,
948 1983 1171 2046 quodque
1196 1984 1438 2031 crescente
1462 1987 1778 2036 contumacia,
1803 1984 2009 2031 crescere
2035 1985 2208 2026 debeat
2230 1983 2277 2028 ὅ(
2305 1995 2447 2043 pena,

232 2058 291 2090 ne
309 2043 503 2091 facilitas
529 2046 678 2092 veniae
703 2051 1116 2107 contemptoribus
1139 2051 1383 2091 audaciam
1408 2053 1579 2093 tribuat
1603 2045 1903 2111 delinquendi
1929 2045 2078 2095 disses
2105 2045 2340 2110 processus
2363 2061 2451 2094 no-

231 2110 347 2155 stros
373 2108 420 2155 δε
444 2108 625 2164 literas,
663 2124 752 2155 nec
774 2125 874 2157 non
902 2125 1079 2171 poenas
1105 2111 1151 2160 ὅ(
1186 2112 1440 2160 sententias
1463 2113 1508 2160 in
1537 2114 1601 2161 eis
1623 2122 1905 2170 contentas,
1943 2112 2221 2162 aufitoritate
2245 2112 2447 2177 Aposto-

231 2175 346 2233 lica,
383 2189 474 2237 qua
495 2175 760 2239 fungimur,
796 2178 841 2224 in
868 2177 957 2223 hac
997 2186 1127 2241 parte
1151 2181 1480 2243 aggravandos
1502 2181 1721 2228 duximus
1745 2182 1789 2230 ὅ(
1815 2182 2201 2246 aggravavimus‚
2234 2195 2322 2228 nec
2344 2196 2444 2248 non

233 2256 543 2305 aggravamus
571 2242 757 2307 publice
779 2259 864 2308 per
876 2247 1123 2308 pressentes
1146 2246 1299 2293 literas
1315 2256 1576 2310 oportunas
1592 2251 1909 2296 decernendo.
1983 2249 2162 2295 Idcirco
2178 2262 2263 2294 vos
2279 2262 2446 2295 omnes

232 2309 279 2356 ὅ(
303 2307 504 2371 singulos
527 2309 817 2372 supradiesos
837 2344 851 2367 ,
890 2314 1054 2375 quibus
1080 2314 1256 2376 priores
1281 2314 1329 2362 dc
1354 2317 1599 2378 praesentes
1635 2316 1796 2362 nostrae
1835 2315 1977 2365 literae
2002 2316 2049 2363 ὃς
2084 2312 2318 2379 processus
2341 2315 2443 2376 diri-

231 2383 404 2437 guntur
422 2380 586 2424 eadem
609 2376 891 2427 austeritate
917 2378 1173 2442 apostolica
1205 2383 1485 2444 requirimus
1519 2383 1567 2431 ὅ(
1601 2398 1851 2430 monemus
1885 2384 2065 2446 primo,
2098 2382 2328 2438 secunde,
2352 2384 2442 2428 tef-

233 2442 302 2489 tio
327 2441 374 2489 Sc
401 2445 748 2507 peremptorie,
786 2447 1018 2510 vobisque
1040 2446 1340 2495 nihilominus
1366 2449 1413 2497 ὅ(
1436 2448 1639 2497 vestrum
1666 2450 1856 2497 cuilibet
1875 2451 1921 2496 in
1945 2452 2119 2498 virtute
2142 2446 2301 2496 sanE‘tae
2329 2450 2441 2495 obe·

233 2509 446 2564 dientiae,
492 2509 540 2557 ὅ(
565 2511 643 2558 sub
665 2514 1172 2569 excommunicationis
1197 2531 1354 2579 poena
1377 2532 1468 2581 que
1488 2517 1535 2563 in
1565 2533 1651 2571 vos
1676 2518 1722 2566 ὃ(
1748 2516 1948 2566 vestrum
1972 2517 2260 2581 quemlibet,
2297 2516 2437 2562 trium

234 2584 395 2623 tamen
421 2575 597 2623 diarum
621 2581 851 2627 canonica
874 2582 1143 2629 monitione
1175 2581 1413 2647 premissa,
1459 2599 1519 2631 ex
1546 2600 1670 2632 nunc
1702 2593 1845 2648 prout
1878 2593 2107 2646 extunc,
2153 2582 2200 2629 ὃς
2224 2589 2435 2639 extunc,

234 2648 379 2708 prout
403 2656 463 2688 ex
486 2657 637 2698 nune,
668 2645 859 2694 ferimus
875 2648 923 2695 in
947 2648 1025 2695 hic
1050 2648 1254 2713 scriptis,
1293 2650 1372 2697 nisi
1393 2650 1595 2699 feceritis
1611 2682 1624 2702 ‚
1650 2661 1724 2699 seu
1750 2652 1865 2698 alter
1887 2650 2087 2698 vestrum
2112 2648 2295 2705 fecerit,
2311 2651 2440 2712 quod

232 2711 535 2765 mandamus,
573 2709 772 2758 districte*
800 2715 1107 2779 precipiendo
1142 2719 1445 2774 mandamus,
1477 2727 1706 2782 quatenus
1727 2717 1888 2767 visis&
1911 2716 2111 2779 receptis
2132 2715 2438 2779 presentibus,

233 2791 337 2832 vos,
361 2778 438 2839 qui
472 2775 647 2823 {uer-itis
679 2779 911 2841 -requifiti,
946 2781 1128 2846 singulis
1162 2785 1326 2832 diebus
1360 2786 1682 2835 dominicis&
1715 2784 1914 2840 festivis,
1947 2784 1993 2829 in
2015 2781 2177 2830 vestris
2210 2781 2437 2836 Ecclefiis‚

233 2842 591 2892 mo·naster†³is&
616 2842 846 2907 Capellis,
884 2847 1005 2894 infra
1029 2849 1261 2898 missarum
1293 2852 1341 2901 δε
1373 2851 1562 2900 aliarum
1595 2854 1818 2900 horarum
1848 2849 2079 2906 solennia,
2117 2850 2227 2897 dum
2261 2849 2438 2898 ibidem

233 2908 386 2972 major
408 2909 574 2975 populi
597 2911 850 2958 multitudo
875 2915 933 2960 ad
955 2915 1110 2963 divina
1138 2919 1366 2966 audienda
1389 2920 1693 2978 convenerit„
1731 2917 1960 2982 prioribus
1980 2918 2118 2965 etiam
2142 2915 2304 2964 nostris
2331 2932 2437 2981 pro-

233 2976 427 3030 ceffibus
460 2992 546 3043 per
564 2992 654 3031 -vos
676 2979 987 3040 continuatiS,
1024 2983 1266 3047 praedissas
1290 2987 1866 3046 excommunicationem,
1895 2983 2263 3034 declarationem
2286 2982 2335 3031 ὅ(
2355 2983 2437 3060 de-

2246 3064 2438 3101 nuncla-
