2541 3415
368 118 554 183 Qinige
576 127 690 175 &um
709 114 1039 178 brobtbause
1062 117 1198 170 bet-ec
1222 118 1463 172 Ὁίσαείεη
1489 123 1724 194 gebsstige
1752 126 2062 195 Schrifften.
2217 141 2280 191 28
2295 153 2311 185 1

103 235 192 283 bus
217 234 413 298 panibus
434 229 482 279 ὅ(
506 227 756 276 luminibus
778 226 1003 292 deinceps
1039 227 1088 277 <Sc
1109 231 1324 278 omnium
1348 247 1493 295 porro
1526 236 1773 290 assertione
1798 261 1971 308 panum
1994 245 2316 310 expositorum

100 302 297 349 carebit.

202 381 276 428 19.
312 366 458 420 Item,
493 360 523 408 si
548 359 649 425 quis
673 359 891 409 Vicarius
916 360 1050 424 supra
1077 360 1307 412 dietarum
1330 369 1626 431 antiquarum
1649 373 1943 424 Vicariarum
1978 381 2193 430 nondum
2215 398 2310 448 par-

94 434 246 497 ticeps
268 445 458 496 panum,
482 427 799 493 percipientes
828 427 1071 477 molestare
1096 429 1145 478 &
1167 434 1397 489 accusare,
1419 444 1500 483 aut
1520 448 1685 486 contra
1717 455 1800 488 eos
1830 443 2023 509 desuper
2046 463 2207 497 coram
2230 448 2312 498 ali.

93 512 189 565 quo
199 499 360 563 Judice
372 496 552 561 litigare
564 502 644 542 aut
658 496 799 543 verba
812 493 1097 543 detra-storia
1109 494 1241 559 loqui
1256 500 1390 548 ausus
1403 503 1616 561 fuerit,ut
1634 509 1827 570 pervim
1846 510 2119 562 violentiam
2133 518 2189 563 ad
2205 532 2308 581 per-

85 568 372 631 -ceptionem
404 578 581 628 panum
613 558 912 623 hujusmodi,
947 562 1040 610 fine
1071 563 1348 624 voluntate,
1388 569 1436 619 ὅ(
1459 585 1518 618 ex
1539 576 1684 636 gratia
1717 576 1902 639 speciali
1928 578 2126 640 ipsorum
2161 585 2314 644 perci-

99 633 331 697 pientium
351 631 544 678 debebit
567 628 776 685 admitti,
801 631 859 677 ab
880 627 1151 693 hujusmodi
1172 635 1483 697 perceptione
1510 654 1685 703 panum
1709 644 1854 692 debet
1889 644 1981 692 esse
2013 645 2223 697 exclusus
2256 651 2314 699 ad

94 708 313 764 tempora
333 699 448 746 vite.
516 696 666 744 EtIam
688 696 736 746 ὅς
754 696 816 744 sui
841 698 886 745 in
919 697 1010 744 hac
1046 698 1344 756 adherentes.
2278 710 2280 716 ’

193 782 272 815 20.
310 766 448 822 Item,
473 766 602 829 quod
626 765 788 811 diebus
824 765 990 827 quibus
1016 761 1288 827 hujusmodi
1311 785 1456 832 panes
1485 771 1842 836 distribuuntur,
1879 778 2077 843 quilibet
2099 781 2315 832 Vicarius

89 835 352 882 eorundem
380 847 554 896 panum
584 832 840 895 particeps,
861 833 1057 879 eosdem
1081 847 1229 896 panes
1256 850 1340 900 per
1366 837 1409 884 se
1432 839 1509 887 vel
1531 841 1781 891 honestum
1813 847 2031 895 nuntium
2047 846 2211 897 afferat
2236 849 2314 898 seu

91 899 259 948 afferre
280 900 421 948 faciat
444 898 608 947 velatis
634 896 797 962 sportis
820 898 868 945 in
884 899 1081 946 domino
1105 914 1213 949 cum
1238 904 1493 966 gratiarum
1530 908 1719 957 afflone
1733 915 1968 970 cavend0,
1994 917 2125 979 quod
2148 916 2315 965 iisdem

91 983 193 1017 non
216 970 450 1023 abutatur,
478 966 554 1013 sed
579 964 609 1011 fi
632 967 888 1013 commode
912 968 1092 1030 poterit
1113 966 1435 1035 eleemosynas
1458 975 1850 1042 pro'pa'uperibus
1873 983 1980 1029 inde
2005 992 2189 1047 eroget.

98 1074 104 1075 a
189 1050 267 1083 21.
302 1035 450 1091 Item,
487 1033 615 1096 quod
639 1030 835 1097 quilibet
859 1032 1152 1081 confratrum
1183 1051 1329 1100 panes
1360 1040 1607 1103 praeditfi'cos
1643 1048 1909 1110 percipiens
1951 1063 2112 1097 curam
2149 1053 2313 1099 dome·

97 1100 257 1149 sticam
271 1109 352 1148 aut
380 1101 634 1164 coquinam
659 1098 752 1146 five
774 1098 980 1147 mensam
1011 1100 1163 1149 vffitus
1183 1119 1286 1152 nonv
1305 1105 1477 1155 fovens
1493 1142 1506 1167 ‚
1530 1125 1686 1175 neque
1707 1116 1905 1176 panibus
1928 1114 2198 1169 huiusmodi
2223 1134 2309 1181 pro

92 1165 368 1215 necessitate
391 1169 562 1218 domus
575 1165 660 1213 suae
694 1168 894 1230 propriae
917 1166 1111 1225 faciens,
1137 1183 1197 1217 ex
1221 1178 1336 1219 tunc
1356 1176 1632 1237 portionem
1657 1178 1844 1229 suorum
1878 1198 2054 1246 panum
2079 1184 2157 1233 fibi
2181 1187 2309 1235 debi-

89 1241 188 1282 tam
214 1235 262 1284 &
294 1233 667 1283 convenientem
700 1232 863 1281 saltem
894 1232 1181 1299 Presbyteris
1211 1234 1420 1289 honestis
1446 1251 1527 1291 aut
1560 1245 1734 1310 hospiti
1757 1247 1837 1295 suo
1863 1251 1910 1297 in
1942 1250 2311 1301 defalcationem

89 1301 329 1350 solutionis
344 1332 357 1354 2
381 1299 514 1364 cujus
546 1300 873 1348 commensalis
893 1300 1053 1360 fuerit,
1078 1302 1155 1353 vel
1181 1320 1269 1369 pro
1293 1307 1493 1357 utilitate
1516 1326 1691 1375 panum
1716 1314 1989 1378 hujusmodi
2013 1318 2039 1364 a
2058 1318 2312 1369 Provisori-

86 1370 171 1417 bus
197 1368 309 1417 orfito
338 1382 519 1416 marcas
542 1366 825 1415 Lubicenses
849 1370 1090 1417 annuatim
1114 1373 1420 1436 recipiendo,
1444 1376 1494 1427 ὅ(
1516 1381 1694 1429 nemini
1717 1381 1848 1431 alteri
1872 1387 2080 1432 vendere
2102 1386 2315 1435 debebit,

83 1437 176 1483 Sed
201 1435 396 1501 quisque
419 1435 653 1499 particeps
678 1450 853 1498 panum
889 1434 918 1482 si
938 1435 1064 1494 vult,
1105 1437 1261 1502 potest
1281 1442 1392 1489 dare
1415 1459 1560 1507 panes
1582 1446 1686 1495 suos
1719 1449 2077 1500 honorabilibus
2100 1454 2310 1517 personis

85 1503 135 1552 &
156 1503 240 1553 suis
265 1501 626 1565 consanguineis
651 1501 701 1550 ὅ(
722 1503 909 1558 amicis,
939 1502 989 1551 ὅ(
1010 1505 1068 1550 ad
1089 1502 1196 1567 loca
1209 1509 1362 1572 turpia
1384 1509 1737 1562 siveinhonesta
1760 1514 2031 1581 hujusmodi
2054 1534 2216 1584 paneS,
2229 1521 2310 1570 sub

85 1585 244 1635 poena
271 1568 576 1634 suspenfionis
599 1569 657 1615 ab
676 1569 854 1616 eisdem
865 1570 1060 1618 minime
1082 1570 1265 1621 deferat
1288 1576 1365 1622 seu
1386 1577 1568 1626 deferre
1592 1580 1744 1630 faciat.

181 1652 262 1685 22.
298 1638 444 1690 Item,
471 1633 669 1701 quilibet
693 1651 869 1700 panum
904 1632 1176 1700 hujusmodi
1211 1643 1449 1709 particeps
1475 1645 1653 1696 secreta
1686 1649 1991 1701 fraternitatis
2021 1654 2191 1702 domus
2226 1670 2308 1704 eo-

82 1706 284 1752 rundem
299 1737 313 1761 ‚
339 1711 420 1752 aut
442 1711 612 1752 caetera
633 1707 776 1753 etiam
798 1705 844 1752 in
869 1706 1228 1755 convocatione
1247 1710 1436 1774 publica
1457 1712 1654 1763 trafiata
1669 1715 1758 1766 sive
1772 1716 2030 1776 trad‘tanda,
2055 1722 2132 1768 sub
2154 1737 2312 1786 poena

85 1771 411 1836 suspensionis,
437 1774 495 1819 ad
519 1779 706 1836 tempus
737 1771 786 1822 &
816 1773 1015 1837 spatium
1036 1770 1168 1837 juxta
1192 1774 1492 1828 Provisorum
1521 1781 1732 1842 libitum,
1761 1788 1910 1835 verbo
1932 1787 2011 1836 vel
2042 1789 2090 1837 in
2114 1791 2310 1855 scriptis,

82 1839 162 1889 nisi
183 1837 479 1904 de‘expreffo
504 1839 730 1887 consensu
756 1841 1019 1889 eorundem
1040 1842 1253 1891 revelare
1275 1845 1352 1893 seu
1374 1847 1617 1913 divulgare
1640 1854 1836 1901 minime
1861 1855 2120 1917 praesumat.

180 1923 258 1969 23.
298 1908 441 1963 Item,
468 1906 663 1971 quilibet
686 1907 932 1965 VicariuS,
969 1923 1111 1973 quem
1145 1912 1266 1959 ordo
1296 1917 1454 1979 ⁴tangit
1489 1919 1634 1966 debet
1665 1918 1756 1967 effe
1779 1921 1923 1984 pistor
1956 1922 2004 1972 ὅ(
2038 1922 2304 1971 distributor

84 1989 262 2039 panum
298 1990 383 2039 per
405 1975 642 2037 integrum
665 1989 840 2022 annum
865 1973 892 2021 a
915 1976 991 2023 die
1015 1976 1245 2039 Johannis
1266 1981 1315 2028 B.
1341 1981 1630 2046 incipiendo.

184 2056 260 2101 24.
301 2043 436 2096 Item,
459 2040 654 2103 quilibet
676 2041 891 2089 Vicarius
913 2043 1167 2091 secundum
1188 2046 1387 2109 gradum
1412 2047 1524 2098 stalli
1545 2052 1589 2098 in
1618 2052 1771 2100 choro
1796 2053 1902 2102 adiu
1935 2055 2135 2103 residens
2158 2055 2303 2105 debet

80 2106 171 2154 esse
185 2108 395 2154 monitor
411 2107 678 2152 reddituum
695 2122 868 2170 panum
885 2123 969 2171 per
983 2111 1101 2156 duos
1114 2126 1280 2160 annos.
1324 2114 1380 2161 Et
1402 2118 1650 2165 cumidem
1665 2121 1877 2167 monitor
1890 2121 1997 2169 istos
2018 2124 2136 2170 duos
2151 2138 2302 2172 annos

77 2175 323 2221 monendo
354 2172 694 2236 compleuerit,
729 2175 874 2221 debet
904 2174 951 2220 in
976 2178 1332 2226 convocatione
1357 2181 1542 2243 publica
1565 2183 1656 2231 fiue
1681 2187 1893 2249 sequenti
1922 2190 1969 2235 in
1993 2191 2160 2238 ordine
2196 2192 2302 2240 inti-

76 2255 223 2298 mare·⁷
248 2248 477 2305 quatenus
501 2239 549 2288 ὅ(
570 2240 664 2303 ipse
687 2239 877 2287 ulterius
905 2238 1106 2288 fideliter
1127 2244 1335 2293 redditus
1361 2262 1535 2311 panum
1559 2261 1811 2310 emoneat,
1847 2255 1896 2303 ὅ(
1917 2257 2166 2320 praesentet
2192 2273 2300 2306 eos-

78 2310 189 2355 dem
211 2307 397 2355 realiter
420 2307 469 2356 &
491 2322 601 2354 cum
626 2305 816 2355 effeetu.
888 2308 944 2354 Et
967 2307 1047 2355 iste
1072 2310 1191 2357 ordo
1216 2310 1468 2362 secundum
1500 2320 1670 2380 gradus
1695 2320 1995 2370 Vicariorum
2022 2339 2166 2388 panes
2196 2341 2297 2391 per,

73 2375 349 2440 cipientium
371 2374 397 2421 a
421 2374 641 2438 superiori
665 2375 712 2423 ὃς
738 2375 794 2421 ad
818 2374 1088 2424 inferiorem
1112 2378 1255 2425 debet
1280 2380 1531 2432 observari.
1890 2390 1893 2394 ’

176 2455 255 2498 25.
289 2442 335 2489 Si
356 2456 473 2489 vero
501 2440 659 2505 aliquis
694 2443 958 2506 percipiens
985 2458 1130 2507 panes
1163 2441 1434 2507 hujusmodi
1466 2449 1595 2499 suum
1627 2451 1837 2502 officium
1861 2456 1919 2502 ad
1955 2458 2081 2519 quod
2109 2462 2294 2510 ordina-

75 2519 166 2566 tur,
187 2509 236 2558 ὃς
261 2523 403 2573 quem
425 2510 545 2555 ordo
568 2510 793 2572 tetigerit,
817 2509 974 2557 facere
988 2511 1284 2571 recusaverit,
1300 2514 1348 2564 ὅ(
1373 2515 1402 2563 si
1416 2524 1545 2575 tunc,
1569 2523 1758 2583 quando
1780 2523 1838 2569 ad
1860 2523 1958 2571 hoc
1981 2527 2198 2590 deputari
2218 2531 2294 2576 de-

73 2579 198 2632 beat,
221 2576 263 2624 se
288 2576 458 2624 frivole
482 2575 810 2631 absentaverit,
835 2577 979 2624 debet
1000 2576 1090 2625 esse
1114 2578 1346 2643 suspensus
1367 2583 1393 2630 a
1417 2589 1727 2651 perceptIOne
1751 2604 1929 2654 panum
1955 2594 2014 2640 ad
2039 2593 2222 2643 libitum
2237 2612 2292 2643 ac

72 2644 312 2691 arbitrium
334 2643 538 2690 Senioris
563 2657 607 2707 p.
635 2650 667 2689 t.
686 2643 985 2690 Vicariorum
1011 2660 1156 2709 panes
1192 2651 1565 2714 percipientium.

179 2712 257 2758 26.
298 2711 415 2758 Item
441 2709 469 2757 fi
490 2711 590 2774 quis
612 2709 753 2757 fuerit
779 2710 903 2758 inter
926 2710 1155 2760 Vicarios
1182 2718 1498 2782 percipientes
1533 2736 1680 2786 panes
1703 2723 1876 2772 inutilis
1901 2727 1959 2773 ad
1993 2724 2146 2776 officia
2178 2744 2291 2793 prae-

72 2775 218 2835 dieta,
242 2787 356 2825 tunc
382 2779 506 2826 idem
531 2777 701 2826 inutilis
724 2779 868 2825 debet
891 2779 946 2826 ad
974 2778 1271 2831 voluntatem
1287 2787 1579 2849 provisorum
1599 2805 1687 2853 pro
1701 2792 1902 2839 utilitate
1917 2795 2085 2841 domus
2113 2811 2290 2859 panum

72 2846 128 2892 ad
151 2847 480 2892 redimendum
506 2847 632 2894 vices
659 2846 783 2903 suaS,
810 2845 1190 2896 aliumidoneum
1219 2851 1488 2903 substituere
1513 2856 1561 2906 δε
1581 2857 1706 2905 idem
1723 2859 1782 2906 de
1807 2859 1967 2909 salario
1994 2865 2292 2926 competenti

71 2913 119 2961 ὅ(
143 2913 372 2960 consueto
395 2913 666 2976 prouidere,
680 2928 739 2960 ne
753 2913 800 2960 in
823 2912 983 2962 labore
996 2915 1257 2967 beneuolos
1276 2935 1472 2984 grauate
1485 2924 1714 2973 videatur.
1747 2925 1972 2993 Alioquin
1993 2931 2190 2994 panibus
2203 2929 2288 2977 hu-

71 2976 276 3043 jusmodi
305 2981 498 3027 carebit.
530 2980 587 3028 Et
610 2982 735 3030 idern
757 2979 964 3033 seruetur
984 2984 1361 3047 quoadinfirmos
1380 2988 1431 3039 ὅ(
1452 2990 1577 3041 senio
1591 3001 1824 3058 granatos.

136 3043 352 3102 LOEbeils
379 3060 431 3108 4.
459 3043 641 3102 bano.
1379 3055 1477 3116 {Du
2086 3062 2288 3126 27.1tem
