2541 3415
793 87 899 127 eon
920 75 1074 128 δεηεη
1098 64 1524 143 Θῦῐᾳίςδῖιτευη)
1550 83 1647 136 >erc.¹
1704 81 1710 87 ’
2099 127 2104 129 μ
2221 88 2323 152 87i

102 165 239 182 ‘-

102 203 307 268 superius
330 199 683 248 nominatorum
705 191 962 241 absentium
987 190 1134 239 libere
1159 192 1206 242 δι
1229 192 1396 258 sponte
1420 193 1512 243 fide
1535 199 1644 246 data
1669 201 1960 263 promisimus
1981 205 2029 254 <Sc
2052 207 2100 254 in
2120 205 2192 271 his
2211 202 2319 266 scri-

101 273 194 336 ptis
217 266 533 334 promittimus
556 260 605 309 dc
628 259 877 325 corporale
887 256 1212 323 juramentum
1232 260 1522 325 praestitimus
1545 264 1594 314 ὅ(
1612 270 1754 315 etiam
1779 269 2044 332 praestamus
2065 273 2112 321 in
2135 270 2205 321 his
2219 270 2323 332 scri-

103 340 196 404 ptis
213 368 227 394 ‚
263 332 391 398 qvod
411 328 527 378 salva
549 327 864 376 subventione
885 326 1121 392 praedi&a,
1136 329 1260 376 bona
1281 328 1330 378 ὅς
1350 330 1557 379 redditus
1582 332 1792 380 salinares
1818 339 1874 383 ad
1893 338 2066 396 Patres,
2084 337 2323 404 praelatos}
2365 347 2370 351 “

102 404 323 454 dominos
344 399 393 448 ὅ(
417 395 632 461 personas
651 394 893 460 praediEtas
916 392 965 445 &t
987 396 1045 443 ad
1070 395 1274 460 ipsorum
1292 405 1592 455 conventus,
1627 399 1850 450 Ecclefias
1872 402 1919 453 <Sc
1944 408 2146 471 capitula
2168 423 2223 455 ac
2242 408 2322 455 be-

100 469 268 521 neficia
303 460 594 527 conjunffim
616 461 694 512 vel
724 462 903 512 divisim
933 464 1226 527 pertinentes
1248 462 1297 513 ὅ(
1319 467 1531 514 omnium
1558 465 1683 514 hanc
1716 469 2063 521 ordinationem
2088 473 2319 524 ratifican-

101 540 220 588 tium
242 535 291 586 &
311 532 663 582 observantium
706 529 833 579 nullo
857 546 1066 596 unqvam
1099 538 1322 596 tempore
1343 564 1359 590 ,
1408 548 1692 599 qvacunqve
1718 535 1966 584 occasione
1986 571 2002 597 ‚
2041 540 2318 592 necessitate

100 605 176 657 vel
197 601 331 652 causa
354 599 430 651 vel
455 598 562 647 alias
586 596 714 647 nullo
736 599 884 646 modo
907 598 1125 648 volumus
1147 608 1229 647 aut
1247 599 1480 648 'debemus
1503 602 1754 661 invadere,
1777 603 1996 668 usurpare
2011 639 2027 664 ,
2063 623 2318 672 occupare„

100 672 313 722 detinere
336 702 351 727 ‚
385 664 602 733 pejorare
624 666 703 716 vel
736 666 963 730 impedire
987 674 1069 715 aut
1102 680 1300 730 gravare
1323 667 1502 735 qvovis
1524 671 1673 717 modo
1697 670 1774 719 seu
1807 673 2003 736 ingenio
2027 689 2112 739 per
2132 688 2219 724 nos
2239 686 2320 727 aut

97 739 214 789 alios
245 746 327 787 aut
355 734 551 784 consilio
575 741 655 782 aut
686 734 845 792 fatte,
880 734 1067 799 publice
1101 735 1177 783 vel
1200 733 1390 783 occulte
1414 766 1427 792 ,
1463 737 1569 784 Nec
1603 739 2083 790 confoederationem
2115 742 2322 809 aliquam

98 807 200 857 fieri
223 821 310 872 per
342 801 572 852 Restores
596 800 742 850 salinae,
772 832 787 857 ,
821 804 902 867 qvi
936 801 1080 867 vulgo
1116 800 1423 852 Sulffmeister
1453 802 1675 852 dicuntur
1696 839 1711 863 ,
1744 815 1828 855 aut
1861 808 1976 856 alios
2003 826 2321 878 qvoscunqve

97 883 266 925 contra
289 872 529 920 libertates
551 869 792 934 praedittas
813 903 829 928 ‚
863 869 912 919 <St
934 870 983 918 in
1005 868 1334 935 p1·aedi6torum
1359 870 1595 919 bonorum
1620 868 1941 937 praejudicium
1962 908 1977 933 ,
2014 888 2249 942 qvantum
2271 881 2320 929 in

96 944 236 993 nobis
258 938 323 988 est
346 938 503 1004 aliqvo
527 937 676 985 modo
700 939 975 1003 permittere
999 970 1013 997 ,
1056 937 1132 986 sed
1154 938 1300 1002 ipsam
1333 936 1520 986 salinam
1543 953 1598 987 ac
1634 942 1760 990 bona
1784 943 1832 992 δε
1855 945 2064 993 redditus
2089 945 2320 997 Salinares

99 1009 317 1058 omnium
347 1002 680 1071 praedifi‘corum
715 1005 764 1056 ὅ(
788 1005 987 1054 aliorum
1018 1006 1145 1054 hanc
1177 1006 1529 1055 ordinationem
1554 1004 1885 1059 ratificantium
1916 1044 1931 1069 ‚
1967 1013 2321 1064 observantium

96 1079 326 1126 debemus
348 1075 396 1124 δι
417 1071 638 1123 volumus
659 1072 705 1121 in
729 1073 861 1121 omni
884 1072 995 1137 Jure
1017 1072 1065 1123 ὅ(
1087 1070 1305 1123 libertate
1330 1076 1508 1137 absqve
1528 1074 1644 1122 dolo
1667 1078 1971 1134 conservare,
2009 1090 2322 1131 manutenere

97 1145 147 1195 δε
170 1143 427 1193 defendere
448 1160 466 1194 5
508 1141 567 1188 Et
592 1141 651 1189 ad
685 1139 822 1190 instar
843 1139 1042 1189 aliorum
1078 1144 1314 1203 bonorum
1348 1140 1615 1189 nostrorum
1640 1142 1687 1192 ὅ(
1712 1146 1915 1195 civitatis
1941 1148 2319 1213 Luneburgenfis

90 1211 229 1277 juxta
248 1223 443 1260 omnem
466 1205 817 1273 possibilitatem
841 1207 1044 1260 nostram
1065 1207 1268 1259 fideliter
1293 1224 1595 1276 propugnare
1620 1216 1936 1278 omnibusqve
1962 1216 2190 1280 praediffls
2214 1233 2320 1283 per-

96 1282 288 1329 mittere
312 1313 327 1338 ,
361 1277 499 1327 bonis
521 1275 569 1326 ὅ(
591 1276 848 1326 redditibus
870 1276 956 1325 suis
977 1275 1239 1336 salinaribus
1266 1293 1375 1326 cum
1401 1279 1533 1325 omni
1556 1282 1873 1344 proprietate,
1911 1282 2209 1346 possessione,
2230 1285 2320 1334 uti-

95 1347 303 1396 litatibus
327 1345 376 1396 <Sc
399 1342 620 1394 universis
655 1343 911 1409 &singulis
943 1343 1167 1394 frutribus
1203 1345 1574 1395 obvenientibus
1599 1379 1614 1403 ,
1640 1347 1688 1396 ὅ(
1708 1349 2003 1413 pertinentiis
2027 1385 2042 1410 ‚
2077 1353 2321 1419 perpetuis

94 1416 303 1479 gaudere
329 1412 625 1478 temporibus
647 1413 839 1477 Integre
863 1411 1006 1460 libere
1030 1412 1226 1476 pacifice
1261 1414 1308 1464 ὃς
1334 1413 1512 1478 qviete.
1582 1415 1687 1462 Nec
1719 1417 1948 1465 debemus
1981 1427 2061 1467 aut
2097 1421 2321 1470 volumus

95 1490 178 1530 aut
212 1480 494 1529 successores
529 1478 674 1528 nostri
707 1487 945 1545 perpetuo
980 1482 1159 1529 debent
1189 1482 1414 1545 deinceps
1435 1480 1637 1545 aliqvem
1661 1483 1719 1530 ad
1741 1482 2054 1534 Consulatum
2077 1487 2323 1537 Lunebure

93 1549 287 1614 gensem
313 1550 555 1612 recipere,
589 1561 681 1595 nec
704 1549 753 1595 in
775 1549 1109 1612 receptionem
1137 1543 1330 1612 alicuju's
1353 1548 1622 1597 consentire
1644 1581 1659 1606 ‚
1698 1551 1776 1598 nisi
1803 1551 1853 1599 fit
1879 1562 2099 1619 receptus
2124 1557 2171 1604 in
2195 1557 2323 1621 prin-

91 1616 220 1680 cipio
241 1612 515 1678 hujusmodi
537 1614 623 1662 suae
646 1614 938 1678 receptionis
962 1611 1277 1663 a'consulibus
1305 1616 1576 1679 Luneburg.
1602 1619 1681 1681 qvi
1702 1617 1878 1666 fuerint
1902 1636 1988 1682 pro
2013 1631 2233 1688 tempore
2256 1623 2323 1675 de

93 1682 385 1732 observanda
409 1682 716 1730 ordinatione
738 1680 788 1732 ὅς
809 1680 1026 1730 libertate
1057 1681 1205 1731 salinae
1228 1681 1454 1747 praediffls
1478 1715 1495 1736 ,
1527 1683 1576 1733 <Sc
1597 1686 1656 1731 de
1682 1700 1781 1733 non
1801 1688 2082 1752 recipiendo
2112 1690 2322 1755 aliqvem

94 1751 153 1798 ad
174 1748 467 1796 consulatum
494 1748 573 1796 nisi
602 1748 661 1796 sic
684 1756 905 1812 receptus
931 1750 976 1796 id
1004 1751 1151 1815 ipsum
1189 1750 1427 1816 corporali
1461 1750 1539 1799 stro
1564 1751 1841 1815 Juramento
1867 1751 2021 1805 firmet
2046 1791 2059 1814 ‚
2104 1757 2153 1808 &
2177 1759 2320 1808 simile

93 1814 279 1882 praestet
299 1813 619 1878 juramentum
645 1815 756 1879 qvid
790 1816 819 1861 s}
843 1814 1115 1878 hujusmodi
1139 1820 1487 1866 ordinationem
1515 1818 1564 1868 ὅ(
1597 1820 1883 1870 sacramenta
1909 1839 1992 1887 per
2017 1825 2247 1875 Consules
2270 1827 2322 1879 ὃς

95 1885 210 1932 civis
225 1883 495 1947 Luneburg.
519 1897 607 1946 pro
630 1882 768 1930 nobis
791 1881 839 1931 ἀ
863 1882 1196 1932 successoribus
1221 1884 1385 1935 nostris
1407 1886 1550 1934 libere
1569 1887 1616 1936 ὅ(
1635 1889 1802 1951 sponte
1825 1891 2144 1942 consentimus
2171 1894 2220 1945 <Sc
2245 1911 2319 1943 ar-

93 1952 320 2000 bitramur
339 1983 354 2008 ,
390 1951 521 2015 qvod
545 1951 593 1998 in
614 1949 716 1999 casu
741 1948 1114 2014 transgressionis
1141 1951 1470 2016 praemistorum
1493 1955 1549 2000 ad
1577 1955 1815 2018 querelam
1831 1958 1878 2006 δε
1901 1955 2162 2009 instantiam
2187 1963 2318 2011 dam-

94 2034 268 2068 norum
284 2015 516 2082 passorum
532 2018 654 2083 apud
669 2015 900 2065 Consules
917 2018 1181 2067 Civitatum
1196 2019 1398 2068 Lubeck
1420 2018 1724 2087 &Hamburg
1738 2022 1784 2073 ὅ(
1799 2024 1903 2072 alias
1917 2022 2319 2089 ubilibetfaC’tam,

93 2100 239 2135 omne
262 2082 321 2134 sal
346 2086 476 2148 qvod
493 2086 552 2133 de
577 2086 724 2151 opido
741 2083 999 2151 Luneburg
1024 2088 1241 2135 educitur
1266 2088 1633 2153 qvomodolibet
1654 2091 1704 2150 in
1726 2090 1848 2140 nulla
1866 2093 2130 2144 Civitatum
2145 2096 2193 2147 ὅ(
2212 2099 2320 2163 opi-

93 2156 266 2202 dorum
290 2149 387 2200 hoc
417 2153 565 2200 modo
592 2150 716 2201 salvo
741 2152 980 2202 condutiu
1006 2153 1081 2202 vel
1115 2155 1364 2204 securitate
1389 2186 1403 2209 ,
1439 2164 1673 2221 praetextu
1707 2174 2105 2227 qvorumcunqve
2132 2165 2317 2228 privile-

92 2221 281 2287 giorum
305 2220 382 2268 vel
400 2220 678 2268 societatum
703 2222 909 2285 gaudere
932 2222 1118 2270 debeat.
1189 2224 1281 2270 Sed
1304 2225 1527 2272 damnum
1546 2221 1658 2289 passi
1671 2235 1899 2289 poterunt
1913 2228 2195 2280 au&oritate
2209 2248 2319 2297 pro-

92 2290 193 2354 pria
211 2288 622 2351 comprehendere
645 2287 693 2337 ὅ(
717 2288 765 2336 in
791 2290 1152 2354 recompensem
1177 2293 1461 2340 damnorum
1499 2291 1683 2341 suorum
1708 2298 1796 2359 pro
1828 2296 1908 2343 suo
1930 2297 2106 2346 habere
2138 2298 2186 2349 ὅ(
2207 2303 2317 2351 reti-

92 2370 208 2404 nere
229 2389 245 2413 ,
280 2356 329 2405 &
350 2357 398 2403 in
419 2355 522 2404 suos
547 2355 649 2402 rasus
673 2363 988 2411 convertere,
1022 2373 1121 2405 non
1146 2357 1362 2407 obstante
1387 2355 1713 2426 cujuscunqve
1737 2361 2031 2413 conditione.
2101 2364 2161 2416 Et
2180 2367 2319 2417 nihil-

95 2425 282 2471 ominus
300 2417 517 2486 -Judices'
536 2422 892 2472 conservatores
925 2424 1044 2473 infra
1076 2425 1232 2489 scripti
1266 2428 1313 2477 ὅ(
1337 2428 1550 2493 deputati
1574 2428 1631 2475 ab
1655 2427 1759 2493 ipsis
1793 2431 1872 2478 seu
1894 2447 2060 2482 eorum
2086 2431 2246 2500 aliqvo
2269 2437 2317 2485 in

95 2490 200 2538 casu
226 2487 597 2554 transgressionis
623 2486 918 2552 hujusmodi,
943 2500 1205 2556 potuerunt
1226 2495 1486 2558 quemlibet
1510 2495 1771 2545 Consulum
1796 2495 2069 2565 Luneburg.
2094 2509 2317 2566 tempore

96 2564 210 2606 tunc
234 2556 538 2614 existentem,
572 2556 620 2607 ὃ(
646 2572 981 2622 qvemcunqve
1002 2559 1143 2608 alium
1166 2563 1213 2609 in
1246 2562 1343 2609 hoc
1368 2561 1648 2627 culpabilem
1673 2579 1955 2630 qvacunqve
1980 2582 2137 2633 poena
2170 2585 2317 2632 pecu-2-

95 2625 235 2672 niaria
259 2658 274 2683 ,
326 2638 412 2689 per
446 2632 632 2689 partem
654 2623 803 2672 laesam
839 2626 1133 2681 aestimanda,
1167 2643 1251 2692 per
1274 2627 1425 2678 distos
1450 2629 1638 2693 Judices
1668 2628 1718 2682 <Sc
1750 2635 2102 2683 conservatores
2123 2668 2138 2694 ,
2175 2633 2316 2699 juxta

97 2693 409 2755 quantitatem
433 2689 589 2741 delit‘ci
614 2693 815 2740 taxanda
840 2692 1012 2742 muIEta
1035 2693 1061 2752 ,“
1085 2695 1133 2744 ὅ(
1169 2696 1398 2745 solvenda
1423 2713 1479 2745 ea
1502 2713 1611 2746 cum
1636 2700 1820 2765 integra
1845 2698 2139 2751 restitutione
2163 2704 2315 2752 reddi-

97 2764 231 2805 tuum
253 2767 559 2824 receptorum
585 2761 869 2808 damnorum
905 2762 1116 2826 expensis
1142 2763 1190 2812 &
1213 2764 1430 2812 interesse
1453 2766 1680 2816 damnum
1711 2764 1844 2832 passis
1870 2803 1884 2828 2
1918 2771 2240 2820 condemnare
2263 2770 2315 2822 ὃς

96 2825 155 2872 ad
177 2824 446 2876 solvendum
468 2842 574 2876 eam
597 2828 716 2892 ipsos
741 2828 1028 2892 compellere
1054 2844 1138 2892 per
1159 2834 1363 2881 remedia
1380 2832 1498 2896 juris
1520 2843 1795 2899 opportuna
1817 2869 1831 2895 a
1869 2853 1957 2901 pro
1979 2839 2145 2902 qvibus
2161 2840 2311 2887 omni·

39 2895 42 2898 ⁴
95 2893 180 2940 bus
203 2891 252 2941 ὅ(
274 2892 452 2958 singulis
476 2895 701 2943 faciendis
728 2929 743 2952 ,
782 2896 1082 2945 observandis
1106 2896 1154 2948 ὅ(
1179 2899 1486 2965 adimplendis
1510 2901 1788 2966 subjecimus
1821 2905 1870 2954 ὃς
1893 2899 2203 2954 submittimus
2223 2922 2311 2956 nos

90 2959 140 3011 ὅ(
163 2958 647 3013 succeffores'nestros
671 2971 839 3015 tenore
866 2964 1165 3030 praesentium
1201 2982 1215 3016 ς
1251 2968 1303 3018 In
1328 2967 1425 3020 hoc
1448 2975 1610 3021 tamen
1637 2972 1741 3022 casu
1768 2972 1998 3023 duntaxat
2021 2970 2312 3037 Jurisdiffio-

2234 3042 2311 3104 ni,
