2541 3415
200 132 298 190 870
1001 125 1101 183 Die
1121 125 1288 193 iecbste
1310 124 1525 217 beffiae

1468 208 2394 232 Μ

201 235 250 285 ὅ(
273 236 414 281 etiam
440 233 668 298 deinceps
689 233 891 300 longiori
912 245 1133 304 tempore
1148 235 1287 302 juxta
1310 241 1466 305 priora
1501 241 1673 306 placita
1697 240 1843 291 libere
1866 239 2170 306 potuissemus
2194 259 2208 290 ε
2246 243 2421 290 debent

200 302 251 350 in
270 300 388 349 festo
410 302 682 352 Nativitatis
696 300 869 353 Christi
891 309 1040 354 modo
1057 308 1279 369 proximo
1301 308 1350 355 in
1373 310 1618 372 antiqvum
1643 310 1828 357 fontem
1848 309 1993 357 salinae
2017 310 2215 357 omnino
2231 310 2419 367 deduci,

201 368 252 418 dr
273 369 497 432 deinceps
520 371 760 434 perpetuis
794 377 1087 438 temporibus
1110 376 1281 421 cedere
1315 374 1362 422 ὅ(
1386 373 1584 423 fideliter
1617 375 1819 423 distribui
1842 376 1890 426 ὅ(
1913 376 2151 425 committi
2175 376 2232 424 ad
2253 377 2420 426 utilita-

198 443 299 485 tem
325 436 374 486 &
397 438 735 496 commodum,
756 439 1022 502 profestum
1039 441 1085 489 <Sc
1108 449 1416 503 augmentum
1440 443 1675 490 bonorum
1692 443 1738 491 ὅ(
1762 444 2030 494 reddituum
2055 443 2255 509 antiquae
2270 444 2419 492 salinae

198 502 546 567 praedidiorum.
612 505 681 552 Ex
703 507 930 570 praedietis
954 523 1144 570 quoque
1170 507 1450 556 salinaribus
1485 513 1615 573 aquis
1642 507 1768 556 limul
1803 517 1898 557 tam
1925 512 2099 560 veteris
2125 511 2275 575 quam
2305 510 2420 559 novi

198 571 348 622 fontis
372 569 566 619 debebit
587 571 804 636 magister
827 574 956 637 putei
981 574 1266 633 domibusin
1290 578 1485 640 antiqua
1504 575 1670 633 salina,
1706 575 1888 640 Ungulis
1911 575 2177 627 fluminibus
2200 611 2214 636 ,
2253 592 2418 643 perpe·

199 639 293 687 tuis
317 639 639 699 temporibus.
671 638 871 687 fusiones
895 641 968 687 seu
995 639 1343 689 distributiones
1364 643 1547 701 iacere,
1584 652 1729 708 prout
1748 643 1910 692 haec&
1934 645 2019 692 aiia
2045 647 2177 710 super
2201 648 2422 696 omnibus

199 704 250 755 &
273 703 457 769 lingulis
480 707 603 761 citca
624 708 836 770 regimen
862 707 1062 772 praeiatae
1086 707 1233 756 salinae
1261 708 1481 773 Magistro
1505 711 1669 776 puthei
1692 709 1849 760 &aliis
1870 708 1969 773 ejus
1985 710 2229 772 officiatis,
2253 727 2423 779 perpe-

200 773 292 820 tuis
316 772 483 820 futuris
506 772 809 821 observantiis
832 806 847 831 ,
888 775 936 821 in
970 774 1068 823 aliis
1092 773 1258 824 nostris
1279 777 1423 826 literis
1460 779 1538 827 sub
1563 781 1677 827 dato
1698 778 1994 844 praesentium
2028 779 2077 826 in
2102 778 2281 842 vulgari
2302 796 2425 829 cou-

198 837 335 888 fet‘cis
368 840 594 887 idiomate
629 840 767 904 plene
797 840 845 890 &
879 841 1159 891 articulatim
1193 843 1296 893 sunt
1327 845 1554 911 expressa.
1625 849 1728 894 Nos
1760 846 1902 893 etiam
1933 854 2015 894 aut
2041 844 2323 895 successores
2345 846 2422 901 vel

198 905 409 956 hoeredes
447 905 588 954 nostri
621 922 831 972 unquam
867 916 1086 974 tempore
1123 911 1243 959 intra
1282 915 1477 976 opidum
1514 914 1835 978 Luneborgve
1867 921 2001 961 extra
2036 929 2213 964 novam
2235 912 2424 963 salinam

200 972 411 1022 effodere
430 973 589 1021 facere
609 974 684 1022 vel
709 973 977 1023 construere
999 976 1220 1027 volumus
1247 988 1327 1028 aut
1352 983 1579 1030 debemus
1605 981 1698 1030 fine
1721 983 1935 1030 omnium
1959 1013 1973 1039 ,
1997 981 2421 1046 quoruminterest,

200 1039 430 1089 consensu
456 1039 600 1104 pleno
624 1041 671 1091 ὅ(
697 1042 912 1106 exprefl'o
937 1077 951 1101 ,
987 1044 1035 1093 ὅ(
1058 1046 1101 1092 id
1124 1046 1276 1094 forsan
1303 1047 1553 1112 aliquando
1580 1049 1921 1098 attentantibus
1945 1064 2032 1112 pro
2059 1049 2233 1097 viribus
2256 1048 2428 1097 resiste-

200 1123 333 1164 mm,
358 1110 517 1155 omnia
540 1123 732 1172 quoque
755 1112 880 1158 bona
901 1111 947 1160 ὅ(
971 1115 1178 1161 redditus
1199 1115 1245 1161 in
1263 1115 1399 1164 salina
1413 1116 1631 1182 praedidssia
1656 1118 1714 1165 ad
1741 1114 1955 1165 ecclefias
1971 1116 2260 1180 &personas
2276 1117 2438 1165 eccle--

200 1174 395 1224 fiasticas
420 1175 660 1240 praediC'oes
687 1175 939 1240 (pestantia
962 1178 1036 1228 vel
1062 1179 1326 1245 spetlantes
1350 1216 1365 1242 ,
1399 1199 1500 1250 qvae
1527 1188 1602 1233 (eu
1625 1200 1744 1250 qvos
1768 1184 1913 1249 usqve
1937 1184 1983 1232 in
2009 1183 2206 1248 praesens
2227 1186 2284 1232 ab
2309 1199 2425 1232 one-

200 1244 325 1291 ribus
346 1245 678 1292 communibus
703 1245 905 1294 civitatis
926 1245 1001 1294 seu
1028 1249 1386 1314 municipalibus
1420 1251 1567 1302 libera
1590 1252 1640 1303 ὅ(
1672 1251 1843 1300 liberos
1877 1249 2182 1315 pcffederunt
2203 1285 2217 1309 ‚
2255 1251 2425 1300 eadem

201 1309 421 1360 libertate
450 1313 656 1358 retinere
682 1311 731 1360 ὅ(
768 1311 999 1375 poffidere
1024 1317 1212 1364 debent.
1281 1320 1372 1367 Sed
1398 1320 1522 1368 bona
1560 1321 1636 1368 seu
1669 1321 1878 1368 redditus
1911 1316 2186 1382 hujusmodi
2207 1321 2429 1368 oneribus
2518 1386 2520 1389 y

201 1379 404 1428 civitatis
432 1379 643 1426 obnoxia
677 1379 753 1427 seu
785 1382 981 1431 obnoxi-i
1004 1398 1291 1448 quocunqve
1318 1386 1456 1435 titulo
1490 1390 1548 1436 ad
1572 1403 1655 1436 eos
1685 1388 1734 1436 in
1767 1395 1906 1434 antea
1940 1387 2282 1451 pervenerint,
2319 1403 2428 1435 curn

201 1445 289 1495 suis
312 1447 536 1495 oneribus
560 1448 617 1495 ad
640 1461 724 1496 eos
750 1448 987 1498 transeant
1010 1482 1024 1506 ,
1059 1450 1138 1499 nisi
1160 1452 1264 1516 ipfis
1289 1455 1646 1518 privilegiorum
1681 1451 1917 1504 beneficio
1946 1454 2068 1502 aliud
2088 1453 2141 1503 fit
2165 1455 2429 1518 indultum3

199 1513 364 1563 Patres
385 1514 571 1579 insuper
591 1515 637 1564 ὅ(
665 1515 840 1579 praelati
862 1532 917 1564 ac
942 1517 1013 1566 alii
1039 1520 1331 1569 venerabiles
1353 1524 1533 1571 domini
1555 1521 1821 1589 supradicti,
1840 1521 2097 1571 utilitatem'
2117 1523 2431 1571 commodum

199 1582 249 1633 ὅ(
275 1580 538 1647 profestum
560 1582 608 1632 ὅ(
634 1593 944 1648 augmentum
980 1602 1077 1633 non
1104 1588 1349 1635 modicum
1381 1622 1397 1646 ‚
1443 1590 1489 1639 ὅ(
1514 1591 1666 1655 gratia
1689 1590 1780 1637 Dei
1807 1596 2092 1653 perpetuum
2112 1590 2355 1637 'bonorum
2379 1590 2428 1641 ὅ(

196 1651 468 1699 reddituum
490 1650 674 1698 suorum
698 1650 1026 1716 praedirJtorum
1054 1668 1112 1699 ex
1137 1655 1211 1701 his
1235 1654 1499 1704 salinaribus
1525 1657 1729 1723 antiquis
1759 1653 1922 1703 nostris
1947 1653 2183 1703 laboribus
2217 1656 2267 1706 &
2291 1657 2426 1705 indu-

198 1716 305 1766 stria
326 1718 514 1766 noviter
538 1719 742 1766 inventis
767 1718 812 1767 ὅ(
836 1733 893 1766 ex
917 1734 1084 1770 eorum
1107 1724 1438 1772 communibus
1465 1724 1615 1772 ufibus
1640 1725 1881 1789 perpetuis
1905 1723 2199 1787 temporibus
2220 1723 2426 1788 applica-

200 1785 259 1834 tis
277 1817 293 1843 ,
331 1786 649 1833 attendentes.
719 1785 924 1851 Ipfisqve
952 1803 1038 1850 pro
1061 1803 1228 1835 eorum
1253 1791 1526 1839 debitorum
1547 1791 1764 1839 maximis
1787 1790 2011 1837 oneribus
2030 1822 2045 1847 ,
2080 1804 2184 1854 qvae
2205 1792 2263 1839 ad
2288 1805 2425 1840 com·

200 1867 396 1902 munem
415 1850 666 1901 utilitatem
689 1884 705 1908 ‚
740 1852 834 1901 loci
858 1854 906 1903 ὅι
931 1853 1076 1902 salinae
1100 1855 1421 1906 defensionem
1444 1891 1460 1916 ,
1493 1858 1543 1908 ὅ(
1568 1857 1820 1907 multarum
1840 1857 2109 1905 libertatum
2134 1872 2222 1922 pro
2248 1859 2428 1909 eisdem

199 1921 589 1985 impetrationem
616 1922 804 1968 notorie
830 1920 1079 1970 incidimus
1103 1926 1328 1991 quodqve
1351 1928 1409 1973 ad
1433 1925 1715 1975 solutionem
1741 1924 2016 1988 hujusmodi
2047 1926 2316 1975 debitorum
2340 1926 2428 1976 alia

202 1989 328 2036 bona
347 1987 499 2036 nostra
523 1989 700 2053 absqve
722 1986 881 2035 nostro
906 1988 955 2038 ὅ(
976 1989 1282 2040 successorum
1305 1992 1570 2042 nostrorum
1586 2010 1646 2043 acv
1662 1992 1902 2043 haeredum
1918 2001 2154 2058 perpetuo
2170 1994 2427 2044 detrimen·
2470 2030 2476 2032 >

200 2063 255 2105 to
280 2070 377 2103 non
400 2053 665 2104 sufficerent
686 2088 703 2113 ,
728 2055 783 2115 ἁ
808 2057 985 2120 absqve
1009 2056 1103 2106 loci
1126 2057 1175 2107 ὃ(
1196 2058 1342 2108 salinae
1367 2061 1580 2126 periculo
1602 2062 1711 2110 alias
1735 2060 1835 2109 fieri
1861 2076 1961 2109 non
1985 2058 2170 2126 polsent
2185 2076 2244 2109 ex
2264 2061 2425 2127 politis

202 2123 345 2172 causis
363 2119 494 2187 justis
516 2122 821 2172 rationalibus
858 2132 1002 2189 atqve
1033 2125 1158 2173 veris
1181 2126 1260 2190 ipfi
1295 2128 1553 2178 neceffitati
1586 2128 1751 2178 nostrae
1775 2129 2007 2194 praediecae
2038 2129 2097 2175 de
2130 2129 2426 2192 benignitate

200 2191 403 2240 maxima
424 2191 863 2239 condescendentes
885 2225 899 2250 ,
934 2193 1126 2241 decreta
1147 2195 1460 2244 subventione
1482 2212 1570 2262 pro
1603 2195 1869 2261 hujusmodi
1894 2197 2163 2245 debitorum
2189 2195 2425 2246 solutione

201 2273 296 2306 una
318 2257 561 2307 nobiscum
584 2255 876 2321 conju-nEtim
900 2260 1116 2308 facienda
1139 2263 1186 2308 in
1207 2261 1348 2310 literis
1375 2262 1608 2313 di&orum
1646 2267 1849 2313 duorum
1883 2264 1960 2312 sub
1981 2266 2090 2312 data
2122 2264 2423 2328 praesentium·

201 2324 461 2384 confefitiS,
496 2325 709 2391 expresse
735 2341 823 2390 pro
848 2326 891 2373 le
914 2328 964 2377 ὃς
987 2330 1304 2378 conventibus
1329 2362 1344 2388 ‚
1381 2331 1582 2381 ecclefiis
1604 2366 1618 2391 ,
1653 2332 1842 2397 capellis
1866 2331 2144 2396 &personis
2164 2330 2420 2395 praedistis⁹

204 2403 435 2459 quantum
469 2400 584 2441 tunc
617 2394 674 2441 ad
708 2408 791 2442 eos
827 2395 1036 2458 pertinet
1071 2412 1169 2444 non
1198 2397 1306 2446 alias
1336 2414 1427 2446 nec
1451 2399 1569 2448 ultra
1590 2432 1605 2457 ,
1648 2400 1696 2450 ὅ(
1719 2415 1886 2448 eorum
1912 2432 1925 2456 ,
1959 2400 2038 2465 qvi
2072 2400 2424 2450 ordinationem

204 2460 480 2525 hujusmodi
516 2459 854 2509 ratificaverint
887 2463 1158 2511 nominibus
1188 2466 1387 2528 gratiose
1423 2469 1789 2517 concordarunt.
1861 2465 2094 2515 Nolentes
2117 2466 2257 2530 igitur
2281 2475 2423 2516 tantae

203 2528 500 2594 gratitudinis
535 2527 898 2577 beneficentiam
935 2529 1161 2579 oblivioni
1205 2536 1510 2584 committere
1543 2543 1626 2584 aut
1667 2534 1862 2600 posteris
1896 2533 2063 2582 nostris
2099 2535 2223 2581 viam
2252 2542 2421 2584 contra

203 2596 348 2662 ipsam
379 2596 728 2644 ordinationem
756 2595 805 2647 ὅ(
833 2596 1100 2647 libertatem
1142 2598 1404 2667 relinquere
1433 2603 1653 2653 veniendi
1685 2601 1758 2650 sed
1790 2600 1989 2667 ipsarum
2010 2601 2167 2666 potius
2199 2601 2420 2653 omnibus

206 2667 374 2729 quibus
396 2662 636 2728 possumus
658 2665 809 2711 modis
833 2665 881 2715 ὃς
914 2668 1107 2714 cautelis
1130 2676 1374 2731 cupientes
1413 2671 1669 2736 praeludere
1704 2678 1882 2719 tenore,
1899 2668 2283 2734 recognoscimus
2308 2683 2422 2733 prae·

206 2732 420 2781 sentium.
487 2731 632 2794 Qud
656 2745 743 2779 nos
769 2732 980 2781 consules
1000 2738 1325 2798 praenominati
1352 2753 1437 2784 nos
1455 2737 1502 2786 ὅ(
1538 2735 1815 2786 successores
1839 2735 2023 2798 nostros
2044 2736 2102 2783 ad
2131 2736 2343 2783 omnium
2371 2736 2421 2788 δι

205 2798 490 2863 singulorum
516 2804 647 2862 lupra
670 2797 717 2847 δι
742 2797 858 2846 infra
884 2800 1530 2864 scriptorum'observantiam
1555 2806 1853 2868 praesentibus
1877 2802 2138 2867 obli‘gamus
2163 2833 2178 2858 ‚
2205 2802 2253 2852 &
2277 2807 2422 2853 etiam

205 2865 494 2931 singulariter
512 2864 672 2930 finguli
696 2867 891 2913 nomine
916 2866 1074 2923 nostro
1099 2875 1309 2934 proprio.
1376 2873 1482 2919 Nec
1506 2888 1605 2921 non
1619 2873 1790 2921 civium
1806 2868 2238 2934 Luneburgenfium
2259 2873 2307 2919 in
2326 2871 2425 2919 ani·

206 2949 307 2982 mas
329 2931 505 2982 nostras
529 2933 576 2982 ὅ(
599 2946 765 2980 eorum
789 2944 877 2997 pro
900 2935 1037 2981 nobis
1074 2951 1130 2983 ac
1155 2936 1257 3001 ipfis
1281 2954 1338 2986 ac
1366 2939 1698 2989 succefforibus
1737 2936 1901 2985 nostris
1933 2935 2066 2986 taffls
2099 2951 2234 2986 more
2265 2937 2425 2986 nostro

207 3000 488 3052 Samiorum
506 3000 710 3067 reliquiis
729 3000 777 3050 in
800 2998 1048 3067 praesentia¹
1072 3007 1335 3057 eorundem
1355 3005 1615 3059 Patrum&
1645 3004 1948 3060 Praelatvrum
1971 3020 2028 3055 ac
2057 3003 2428 3120 Procuiiatorum

2231 3087 2425 3138 upenus
