2541 3415
174 198 277 253 424
1034 183 1134 241 Jofe
1158 175 1325 250 ffinfte
1350 184 1566 255 heilage

207 260 2258 287 Q

180 305 388 353 eundem
410 305 502 353 Dn.
525 305 789 355 Henricum
811 305 1079 354 Wasmodi
1098 302 1360 352 institutum
1394 304 1440 351 in
1468 302 1516 351 <Sc
1541 303 1599 351 ad
1623 300 1748 350 diere
1773 302 1964 351 Vicarie
1994 309 2227 368 perpetue
2247 316 2427 368 corpo·.

178 370 355 430 talem,
379 372 554 422 realem
586 390 640 422 ac
665 373 898 436 actualem
924 373 1172 421 induceret
1205 367 1537 436 poffeffionem
1561 368 1794 418 commitit
1830 377 1975 435 atque
2010 369 2253 418 mandauit
2285 369 2421 434 super

178 439 345 502 quibus
370 442 588 490 omnibus
610 442 660 492 &
684 441 869 506 singulis
893 441 1101 505 prefatus
1120 440 1227 487 Dns
1249 438 1491 500 Johannes
1525 436 1554 470 *
1588 436 1854 486 Wasmodi
1876 452 1953 485 me
1973 437 2319 501 infrascriptum
2333 451 2420 501 pu-

177 505 350 554 blicum
371 509 625 565 Notarium
647 510 809 558 debite
831 507 1068 572 requifiuit
1082 537 1095 561 ,
1135 512 1364 570 quatenus
1391 503 1470 551 fibi
1494 504 1553 550 de
1577 500 1804 566 premissis
1828 519 1976 553 vnum
2000 512 2081 553 aut
2113 503 2245 568 plura
2267 503 2421 569 publi·

178 587 290 621 cum
314 574 391 623 seu
417 576 630 641 publica,
668 587 744 625 tot
767 583 887 640 quot
908 576 985 623 sibi
1008 577 1167 621 forent
1194 568 1445 623 necessaria
1475 568 1764 618 conficerem
1790 571 2151 620 instrumentum
2179 572 2227 621 ὅ(
2253 570 2420 620 instru-

183 648 364 691 menta.
434 642 554 692 Aeta
581 645 683 693 sunt
709 645 800 692 hec
824 642 1106 690 Hamborch
1139 640 1185 687 in
1210 639 1322 686 loco
1352 636 1609 685 consistorii
1633 637 1759 701 apud
1789 637 1960 687 &Ciam
1995 638 2237 687 ecclefiam
2274 641 2418 688 Ham-

179 710 470 774 burgensem·
500 713 595 760 Sub
618 727 771 768 anno,
807 708 1093 764 indiffione,
1131 708 1224 762 die,
1255 705 1440 762 mense,
1462 701 1771 761 Pontii-icam,
1810 708 1978 769 quibus
2001 707 2163 772 supra,
2197 707 2419 771 presenti-

178 778 263 825 bus
286 779 461 826 ibidem
482 778 839 842 honorabilibus
863 777 972 825 viris
995 776 1110 823 Dnis
1129 774 1349 838 Johanne
1371 774 1500 820 Sona
1519 771 1566 820 in
1589 769 1757 820 8211&oe
1771 772 2032 822 Katharine
2047 774 2297 824 &Ludere
2314 775 2418 822 Me-

180 845 329 909 dingh
348 846 396 894 in
423 845 562 895 sanffi
587 846 708 911 petri
730 842 1096 907 Hamburgensis
1120 840 1313 889 ecclesia
1335 839 1532 889 vicariis.
1565 838 1756 887 testibus
1788 840 1845 888 ad
1871 840 2084 903 premissa
2108 843 2289 891 vocatis
2316 842 2414 907 spe-

181 912 344 961 cialitis
368 913 417 962 ὃς
437 916 628 978 rogatis,
696 912 881 962 Deinde
907 909 1011 974 p‘ost
1043 910 1142 958 hoc
1163 908 1388 957 statutum
1411 907 1459 956 &
1486 904 1813 971 juramentum
1839 907 2050 971 prefatus
2074 908 2174 957 Dns
2196 911 2421 964 Werne.

181 994 257 1028 rus
278 977 542 1044 gheuerdes
568 980 799 1029 mandatis
823 976 933 1027 dieti
959 978 1049 1025 Dni
1071 977 1252 1025 Decani
1278 983 1505 1041 tanquam
1528 972 1646 1022 filius
1671 975 1899 1022 obediens
1929 975 2124 1022 obedire
2145 971 2310 1025 volens
2324 992 2417 1026 una

183 1061 292 1095 curn·
316 1049 423 1113 sepe
445 1051 696 1098 nominato
727 1048 838 1095 Dno
861 1046 1060 1095 Hinrico
1082 1043 1350 1093 Walmodi
1380 1043 1437 1091 ad
1461 1040 1632 1090 dietam
1656 1041 1900 1091 ecclesiam
1930 1040 2088 1091 Sanffi
2112 1044 2235 1107 petri
2260 1044 2418 1092 tranfi-

181 1117 251 1164 uit
277 1122 418 1179 atque
443 1131 528 1181 per
552 1131 718 1165 manus
741 1114 877 1179 ipsius
900 1114 1068 1161 dextre
1093 1112 1152 1159 ad
1173 1125 1323 1159 cornu
1337 1109 1506 1175 prefati
1521 1109 1675 1159 altaris
1698 1109 2053 1173 impofitionem
2067 1109 2259 1168 fatiam,
2274 1111 2422 1176 ipsum

179 1183 229 1231 in
255 1181 377 1231 diete
405 1184 580 1233 vicarie
604 1181 906 1249 corporalem
939 1180 1115 1229 realem
1141 1178 1191 1228 <Sc
1212 1176 1444 1226 aetualem
1468 1177 1651 1226 induxit
1681 1174 2042 1242 poffeffionem‚
2074 1176 2350 1242 stallumque
2374 1180 2422 1228 in

178 1251 335 1298 choro
351 1265 410 1299 ex
424 1253 590 1300 eadem
605 1253 777 1302 vicaria
791 1250 1003 1297 debitum
1019 1245 1277 1310 affignauit.
1348 1246 1501 1311 Super
1512 1247 1679 1309 quibus
1695 1247 1819 1294 idem
1837 1246 1928 1293 Du.
1950 1246 2172 1294 Hinricus
2184 1246 2421 1294 Wal'mo-

181 1318 228 1367 di
250 1332 327 1365 me
354 1318 698 1385 infrascriptum
721 1318 975 1367 Notarium
1002 1314 1284 1379 requifiuit,x
1308 1321 1540 1377 quatenus
1563 1312 1642 1361 fibi
1664 1314 1722 1360 de
1745 1313 1793 1363 ὅ(
1819 1316 1953 1376 super
1977 1314 2049 1362 his
2062 1329 2208 1363 unum
2230 1322 2311 1362 aut
2323 1313 2421 1378 plu-

177 1400 231 1433 ra
252 1383 541 1436 conficerem
564 1385 924 1436 instrumentum
948 1385 999 1435 &
1021 1381 1342 1431 instrumenta.
1436 1379 1558 1429 Azita
1582 1380 1687 1428 sunt
1709 1396 1837 1437 anno
1863 1381 1911 1430 ὅ(
1934 1380 2058 1438 aliis,
2092 1389 2241 1445 prout
2267 1381 2419 1447 supra,

177 1453 474 1518 ,presentibus
495 1456 671 1504 ibidem
701 1453 1056 1504 honorabilibus
1080 1450 1190 1500 viris
1223 1449 1336 1498 Dnis
1357 1448 1579 1513 Johanne
1600 1449 1897 1499 Vnrouwen
1930 1449 1980 1498 ὅ(
2004 1449 2226 1513 johanne
2253 1449 2421 1513 Ryben

2260 267 2394 281 *——

181 1521 231 1568 in
245 1521 429 1586 prefata
454 1523 646 1573 ecclefia
665 1521 821 1572 Sanfi'ti
846 1521 970 1569 Petri
995 1518 1193 1567 Vicariis
1214 1518 1453 1582 perpetuis
1477 1515 1670 1565 testibus
1683 1519 1741 1563 ad
1767 1515 1983 1581 premissa
2006 1516 2422 1588 vocatisspeciali-
2506 1542 2509 1547 ›

181 1588 523 1655 ter&rogatis.
589 1593 647 1640 Et
669 1588 907 1657 protestor
920 1589 979 1636 de
995 1583 1280 1635 obiniffione'
1299 1581 1571 1647 hujusmodi
1587 1583 1788 1632 clausule
1802 1582 1980 1632 scilicet
2015 1586 2273 1648 Annoquo
2287 1584 2424 1650 supra

183 1656 262 1705 die
286 1658 506 1707 vicesima
526 1657 695 1709 oetaua
723 1653 834 1706 diffi
856 1654 1022 1703 mensis
1049 1651 1241 1716 augusti.
1310 1651 1421 1714 Qe
1444 1651 1533 1698 erit
1552 1648 1762 1700 locanda
1791 1651 1840 1698 in
1865 1650 2085 1699 vicesima
2105 1651 2205 1712 riga
2232 1651 2260 1699 εὶ
2289 1652 2419 1717 supe-

185 1721 300 1773 riori
332 1724 458 1776 linea
480 1725 573 1776 fiue
595 1727 695 1793 riga
722 1722 1060 1787 computando
1084 1718 1188 1787 post
1208 1716 1332 1768 illam
1367 1715 1627 1772 difflonem
1661 1715 1862 1767 termino
1899 1718 1994 1769 διε.
2028 1718 2102 1784 J0.
2127 1717 2418 1787 Podendorp

186 1793 400 1844 notarius
430 1807 434 1810 ’
1095 1804 1096 1809 ’
1165 1819 1167 1821 ·
1240 1802 1245 1806 ’
1584 1816 1585 1819 =
2396 1799 2401 1805 ’

830 1927 890 1975 Et
912 1938 1005 1988 ego
1030 1921 1272 1988 johannes
1300 1919 1587 1986 Podendorp
1608 1921 1804 1972 clericus
1827 1921 2061 1971 verdensis
2075 1920 2247 1971 diocefi
2270 1921 2422 1986 publi-

831 2009 915 2043 cus
936 1988 1180 2055 ,imperiali
1204 1987 1488 2037 auetoritate
1509 1991 1720 2039 notarius
1751 1992 1859 2055 quia
1890 1989 2161 2054 hujusmodi
2184 1989 2419 2055 presenta-

788 2096 790 2099 ψ
831 2061 953 2110 tioni
968 2055 1274 2123 ejusdemque
1299 2055 1562 2107 admistioni
1578 2092 1592 2114 ‚
1629 2058 1911 2107 institutioni
1936 2055 2326 2124 poffeffionisque
2350 2059 2418 2107 in·

832 2127 1043 2179 duffioni
1077 2127 1392 2190 omnibusque
1426 2125 1522 2173 aliis
1555 2126 1604 2175 ὅ(
1638 2126 1821 2191 fingulis
1847 2123 2102 2192 premiffis,
2140 2126 2253 2173 dum
2284 2124 2453 2174 fic-ut‘

832 2195 1121 2264 premittitur
1148 2208 1233 2259 per
1270 2201 1606 2243 memoratum.
1628 2196 1742 2242 dnm
1766 2196 2014 2242 Decanum
2032 2226 2046 2251 ‚
2084 2194 2133 2243 ὅ(
2155 2208 2319 2241 coram
2356 2207 2417 2240 eo

832 2261 1075 2315 fierent&
1100 2269 1369 2328 agerentur,
1407 2274 1499 2309 una
1522 2277 1630 2311 cum
1644 2262 1985 2327 prenominatis
2011 2260 2200 2309 testibus
2225 2259 2415 2325 presens

828 2333 1048 2389 interfui,
1080 2332 1237 2397 anue
1260 2330 1318 2379 sic
1341 2328 1441 2378 fieri
1465 2330 1558 2379 vidi
1582 2329 1630 2380 ἃς
1653 2330 1835 2387 audivi,
1874 2331 2083 2393 Ideoque
2116 2328 2304 2393 presens
2335 2343 2420 2393 pu·

833 2402 1007 2452 blicum
1040 2399 1429 2456 instrumentum,
1468 2413 1610 2446 manu
1646 2413 1751 2446 mea
1777 2400 1969 2462 propria
2001 2393 2308 2460 ingroffatum
2341 2409 2419 2442 ex·

830 2470 941 2520 inde
969 2469 1160 2517 coiiteci
1196 2467 1244 2518 &
1270 2468 1316 2515 in
1343 2467 1465 2514 hanc
1489 2464 1726 2529 publicam
1761 2465 1963 2513 formam
1992 2463 2170 2529 redegi,
2205 2477 2346 2527 quam
2369 2461 2418 2509 fi-

832 2554 929 2604 gno
945 2536 994 2587 &
1019 2537 1214 2585 nomine
1235 2535 1351 2584 meis
1373 2533 1515 2582 solitis
1547 2533 1596 2583 ὅς
1620 2533 1859 2582 consuetis
1891 2532 2094 2597 (ignavi,
2132 2532 2346 2595 Rogatus
2367 2529 2417 2579 <Sc

835 2604 1079 2675 requisitus
1103 2605 1151 2658 in
1180 2603 1323 2655 fidem
1354 2602 1402 2653 <Sc
1426 2599 1747 2653 testimonium
1786 2602 2003 2651 omnium
2041 2597 2382 2666 premissorum.

256 2746 460 2807 Eobafiess
478 2728 747 2798 Dobenb'orp,

2118 2876 2417 3000 Super-

249 3090 270 3114 i*
299 3084 482 3127 uiaticum
504 3079 640 3136 semper
661 3078 798 3121 dixerat
820 3076 858 3118 in
880 3072 1189 3118 antecedentibus,
