2541 3415
621 186 895 249 &amntng
915 194 1021 233 uon
1042 180 1415 246 OEestczmenten,
1437 178 1771 249 Stifftungen
1805 199 1867 234 ιε.
2287 198 2388 245 349

199 274 341 290 θ

167 319 226 365 tis
249 317 299 362 in
322 312 418 361 mei
438 305 608 355 notarii
634 300 809 367 publici
832 299 879 349 ὅ(
906 297 1090 347 testium
1120 298 1484 363 subscriptorum
1523 300 1571 359 1)
1609 301 2082 365 presentia'Discretis
2102 301 2211 348 viris
2231 299 2393 348 &mu-

121 388 126 391 ’
168 383 299 432 liere-
403 377 547 423 Dono
572 371 741 420 Sifrido
767 368 982 431 Latecop
1015 369 1255 432 quondam
1291 362 1587 414 vicerefitore
1623 369 1678 423 2)
1711 368 1903 415 ecclesie
1933 367 2074 416 santii
2098 367 2222 422 Petri
2245 365 2391 413 Ham-

169 452 365 512 burgen.
392 442 442 491 ὅ(
467 441 750 489 Hermanno
765 438 823 485 de
847 437 1010 484 Haren
1036 436 1140 484 cive
1163 433 1500 481 executoribus
1521 431 1791 483 testamenti
1812 436 2066 498 Bernardig
2088 436 2144 481 de
2159 432 2396 481 Euerstor·

169 531 259 581 pe,
296 515 421 561 bone
443 507 707 562 memorie,
742 505 985 569 quondem
1009 502 1122 551 ciuis
1148 502 1322 553 Hamb.
1347 515 1439 548 nec
1468 515 1568 549 non
1591 501 1883 567 Marquardo
1906 503 2123 565 Brunigh.
2146 502 2396 550 Wobben

170 584 329 631 sorore
360 576 582 626 Bernardi
607 574 656 624 ἀ
688 587 839 621 uxore
867 571 1135 636 Marquardi
1157 567 1260 633 jam
1295 568 1548 618 dictorum.
1615 569 1874 634 Radolpho
1909 570 1969 616 de
1990 567 2268 633 Euerstorpe
2296 567 2393 619 filio

165 645 382 716 predieoe
404 645 669 694 Wobben.
740 641 963 705 johanne
998 637 1246 686 CracoWe
1270 636 1318 687 ὃς
1343 636 1578 685 bernardo
1616 640 1668 699 ς)
1714 637 1948 685 iratribus.
1984 634 2226 684 avunculis
2264 636 2392 700 sepe-

171 716 285 771 dieti
311 712 529 763 bernardi
554 711 677 759 dioc.
711 715 1002 764 memorate,
1036 706 1193 754 iidem.
1225 706 1549 771 Marquardus.
1571 705 1802 754 Wobbe.
1831 702 2124 768 Radolphus.
2157 702 2395 765 johannes

170 784 219 833 ὅ(
244 782 514 832 bernardus.
547 782 938 840 recognouerunt
964 789 1133 822 omnes
1167 777 1236 837 4)
1274 773 1494 823 articulos
1517 774 1638 822 infra
1662 774 1859 838 scriptos
1887 772 2059 821 lucide.
2092 769 2140 818 ὅ(
2175 768 2400 833 expresse.

169 867 271 899 non
293 850 354 899 vi.
382 863 483 897 non
504 845 631 895 dolo,
653 859 744 892 nec
765 852 898 891 metu
921 841 1183 901 interdicti,
1220 841 1473 892 afferentes
1496 840 1556 889 se.
1589 857 1753 890 coram
1775 840 1982 888 discretis
2005 839 2116 888 viris
2141 836 2398 901 proconsu-

168 917 306 967 libus*
327 916 375 966 ὅ(
407 912 676 963 consulibus
706 912 1018 976 hamburgen.
1050 912 1098 959 in
1122 909 1391 959 confistorio
1423 911 1686 961 eorundem
1707 906 2041 973 recognovisse
2064 906 2285 962 eosdem,
2309 906 2401 970 pri·

169 1001 271 1035 m0.
296 983 426 1048 quod
450 984 637 1038 Bernar.
654 982 714 1028 de
739 977 1020 1042 Euerstorpe
1044 979 1280 1043 prefatus,
1313 979 1474 1027 omnia
1502 979 1631 1027 bona
1661 977 1737 1026 sua
1773 991 1867 1042 que
1893 974 2175 1041 possederat.
2200 974 2400 1037 propriis

167 1052 408 1101 laboribus
431 1048 791 1113 conquifiverit,
823 1047 942 1093 Item
969 1045 1200 1104 secundo,
1237 1047 1366 1111 quod
1390 1046 1550 1094 omnia
1574 1060 1683 1110 que.
1707 1045 1756 1095 ὅ(
1779 1044 1910 1092 ficut.
1981 1044 2111 1091 Idem
2141 1041 2398 1089 bernardus

167 1119 273 1184 ipfis
296 1133 356 1165 ex
381 1131 509 1164 mera
532 1115 680 1179 gratia
704 1115 751 1162 in
777 1114 856 1161 suo
882 1112 1167 1162 testamento
1201 1112 1443 1179 legaverit.
1481 1115 1542 1162 ab
1564 1113 1899 1162 executoribus
1931 1109 2199 1159 testamenti
2228 1107 2401 1174 prefati

170 1201 282 1233 cum
306 1183 615 1249 plurimorum
640 1181 884 1229 additione
915 1182 1245 1245 perceperint,
1279 1183 1398 1229 Item
1424 1182 1595 1239 tertio,
1629 1182 1759 1246 quod
1787 1179 1891 1245 ipfis
1916 1177 2042 1226 nulla
2070 1176 2193 1227 afflo
2230 1184 2402 1225 contra
2442 1189 2445 1190 ’

167 1253 455 1301 bernardum
486 1256 567 1298 aut
602 1247 739 1313 ipsius
765 1246 1100 1296 testamentum
1122 1248 1201 1296 seu
1231 1258 1518 1298 executores
1541 1248 1827 1297 testamenti.
1859 1255 1970 1295 ante
1993 1245 2043 1295 &
2067 1244 2172 1310 post
2193 1252 2402 1296 mortem

166 1321 378 1368 eiusdem
403 1317 632 1366 bernardi.
672 1318 723 1376 ς)
770 1318 956 1364 ratione
980 1317 1219 1364 bonorum
1237 1315 1606 1381 quomodolibet
1629 1316 1968 1379 competebat,
2001 1312 2326 1362 renuntiantes
2338 1313 2404 1361 ni·

167 1387 452 1436 chilominus
475 1385 606 1433 omni
626 1382 816 1432 affitioni.
842 1382 871 1431 si
905 1399 996 1449 qua
1018 1383 1122 1449 ipsis
1147 1392 1427 1449 competere
1451 1382 1593 1449 poffit
1616 1386 1799 1433 ratione
1826 1385 2061 1431 bonorum
2087 1380 2260 1447 prefati
2294 1381 2399 1429 ber-

168 1454 314 1503 nardi.
329 1451 694 1518 quomodolibet
713 1453 761 1499 in
781 1453 996 1498 futurum
1011 1483 1024 1506 ,
1058 1453 1177 1499 Item
1192 1461 1376 1516 quarto.
1391 1454 1522 1516 quod
1535 1468 1662 1501 anno
1674 1452 1855 1500 domini
1878 1452 1930 1500 M
1951 1447 2089 1498 CCC
2110 1449 2263 1497 XXX
2276 1448 2401 1497 Vm.

165 1519 641 1587 prenominatusdn.
667 1518 861 1566 Sitridus
898 1519 958 1565 de
980 1518 1029 1566 &
1053 1533 1163 1566 cum
1188 1519 1411 1567 consensu
1426 1519 1641 1584 prelibati
1653 1520 1915 1568 Hermanni
1937 1518 1996 1565 de
2015 1518 2192 1565 Haren.
2209 1515 2401 1565 suicon„

165 1587 504 1641 testamentarii
531 1587 589 1633 ad
620 1585 921 1650 emptionem
947 1585 1219 1634 reddituum
1255 1587 1447 1652 Dimidy
1472 1587 1627 1636 Chori
1661 1586 1760 1636 salis
1780 1587 1829 1636 in
1859 1586 1995 1635 salina
2017 1584 2325 1649 Luneborgn.
2350 1583 2401 1634 ὃς

162 1656 213 1705 ὅ(
236 1655 371 1703 unius
397 1653 508 1702 Orti
520 1660 655 1701 extra
676 1667 838 1700 muros
863 1653 1149 1717 hamburgn.
1174 1653 1432 1702 secundum
1459 1654 1673 1703 ultimam
1694 1654 1997 1704 voluntatem
2020 1652 2191 1718 prefati
2215 1653 2402 1700 bernar-

162 1723 325 1779 nardi,
351 1722 410 1769 ad
433 1721 711 1770 servandum
736 1720 782 1769 in
803 1719 998 1768 ecclefia
1021 1720 1286 1770 sanetorum
1310 1721 1496 1787 petri&
1514 1721 1642 1788 pauli
1666 1721 2012 1789 Apostolorum
2038 1722 2085 1768 in
2100 1720 2405 1785 Hamborgh‚

166 1797 456 1855 perpetuum
498 1788 659 1836 lumen
693 1789 832 1836 unius
864 1789 1121 1853 lampadisf.
1154 1789 1203 1839 ὅ(
1226 1791 1285 1837 ad
1311 1793 1637 1857 peragendum
1662 1790 2027 1840 anniuersarium
2051 1788 2187 1853 ipsius
2212 1788 2404 1837 ibidem.

162 1858 493 1923 Qadraginta
526 1871 708 1903 marcas
731 1855 907 1903 Hamb.
939 1859 1047 1904 den.
1084 1857 1345 1923 exposuisse
1377 1859 1436 1908 de
1470 1861 1671 1925 propriis
1695 1866 1977 1926 comparato
2009 1858 2066 1906 ad
2087 1855 2401 1922 supplendum

161 1923 404 1973 defeetum
438 1925 640 1988 pecunie
671 1924 914 1980 bernardi,
970 1939 1062 1988 qua
1095 1926 1266 1990 prefati
1295 1928 1506 1976 redditus
1542 1927 1808 1977 nullatenus
1841 1934 2068 1993 poterant
2106 1924 2400 1990 comparari,

163 1993 285 2040 Item
312 1992 481 2056 quinto
509 1991 641 2056 quod
664 2006 791 2039 anno
813 1991 1007 2039 Domini
1033 1991 1097 2041 M.
1114 1992 1447 2043 CCCXXX.
1476 2011 1625 2044 nono.
1647 1996 1740 2045 iam
1764 1994 1916 2045 dietus
1938 1995 2148 2043 Sifridus.
2173 1995 2316 2041 etiam
2340 1995 2401 2040 de

161 2059 389 2106 consensu
428 2060 482 2118 6)
513 2058 777 2107 Hermanni
801 2059 1069 2107 memorati.
1094 2059 1212 2124 ipfis.
1236 2061 1284 2111 ὅ(
1309 2061 1408 2110 aliis
1432 2063 1639 2127 ipsorum
1660 2064 1838 2112 amicis.
1872 2062 2197 2129 Qadraginta
2219 2075 2401 2109 marcas

161 2124 372 2189 preditte
397 2133 610 2174 monete.
636 2139 697 2172 ex
732 2125 917 2188 speciali
942 2125 991 2174 ὃς
1014 2142 1128 2186 pura
1157 2130 1320 2191 gratia.
1361 2131 1417 2190 6)
1449 2130 1495 2177 in
1522 2138 1688 2195 parato
1722 2131 1772 2181 ὃς
1794 2132 1853 2178 de
1877 2129 2080 2195 propriis
2113 2126 2401 2186 contulisset,

161 2194 283 2253 Item
308 2193 454 2240 sexto.
478 2194 609 2257 quod
632 2191 894 2256 sepedie'ms
917 2192 1124 2242 Sifridus.
1149 2198 1493 2260 proprietatem
1520 2200 1566 2246 in
1592 2198 1780 2263 prefato
1801 2199 1998 2247 dimidio
2021 2197 2173 2245 choro
2197 2196 2305 2244 salis.
2322 2197 2401 2244 {eu

157 2260 257 2308 eius
283 2260 568 2317 redditibUS,
596 2276 649 2307 ac
671 2259 865 2308 liberam
900 2265 954 2322 8)
992 2260 1268 2311 facultatem
1293 2264 1502 2313 donandi
1527 2266 1575 2315 ὃς
1599 2265 1786 2331 legandi
1810 2264 2161 2331 perpetualiter.
2189 2265 2399 2313 eundem

158 2327 237 2377 vel
259 2328 455 2376 eosdem
484 2330 542 2376 ad
567 2343 901 2393 quamcunque
925 2330 1149 2378 vicariam
1183 2331 1232 2379 in
1253 2332 1552 2397 Hamborgh.
1579 2349 1667 2398 pro
1700 2332 1919 2398 prediffis
1941 2331 2189 2397 ofitoginta
2213 2334 2396 2382 marcis.

158 2409 245 2458 per
274 2395 425 2459 ipsum
459 2395 683 2443 Sifridum
721 2403 774 2443 ut
804 2397 1097 2467 premittitur
1127 2398 1375 2464 expolitis,
1445 2402 1646 2450 haberet
1674 2402 1724 2452 ὃς
1759 2403 1936 2451 habere
1973 2401 2171 2449 deberet
2206 2400 2397 2466 sumpti-

159 2463 245 2509 bus
280 2461 510 2526 lampadis
542 2463 590 2511 &
621 2465 855 2511 memorie
891 2463 1209 2528 medietatum
1237 2467 1285 2514 in
1320 2466 1561 2517 omnibus
1582 2469 1764 2535 semper
1795 2469 1955 2528 saluis,
2019 2470 2137 2517 Item
2176 2468 2392 2533 septimo.

157 2532 290 2594 quod
316 2529 675 2577 Testamentum
698 2532 870 2594 prefati
887 2534 1102 2581 bernardi
1123 2534 1379 2584 secundum
1393 2523 1692 2586 voluntatem
1707 2538 1856 2603 ipsius,
1891 2537 1941 2588 ὃς
1965 2534 2301 2586 nichilominus
2316 2551 2396 2584 eo·

155 2611 261 2644 rum
278 2597 633 2662 beneplacitum
650 2597 763 2647 effet
784 2601 1089 2649 terminatum
1123 2605 1176 2663 9)
1207 2603 1549 2653 rationabiliter
1572 2605 1620 2655 ὅ(
1644 2606 1960 2672 completum.
2031 2604 2141 2653 Post
2165 2605 2256 2652 hec
2279 2618 2396 2652 uero

158 2663 466 2714 Hermannus
494 2667 553 2713 de
581 2666 742 2714 Haren
768 2666 1036 2730 prelibatus.
1075 2671 1326 2734 Quartum.
1342 2675 1558 2737 quintum
1575 2673 1623 2724 δι
1645 2675 1829 2723 sextum
1848 2673 2086 2723 articulos.
2102 2673 2246 2721 libere
2261 2672 2397 2736 spon-

155 2737 206 2778 te
230 2731 278 2781 ὅ(
309 2732 539 2798 expresse.
571 2741 624 2782 ut
649 2735 937 2799 premittitur
985 2738 1077 2797 ιο)
1124 2741 1393 2803 approbans
1428 2739 1706 2801 affirmavit,
1747 2743 1932 2808 Qibus
1966 2742 2026 2791 fic
2061 2755 2146 2806 per
2178 2740 2396 2788 ordinem

158 2798 576 2878 gestis.sepedi&us
600 2802 830 2851 Dominus
847 2803 1037 2852 Sifridus
1062 2805 1300 2870 requifiuit
1326 2824 1403 2856 me
1422 2812 1662 2859 notarium
1678 2811 2041 2875 infrascriptum.
2079 2818 2133 2857 ut
2155 2806 2395 2871 publicum

153 2865 291 2930 super
315 2868 386 2915 his
403 2868 694 2918 conficerem
720 2870 1102 2930 instrumentum,
1139 2873 1261 2923 Aeta
1284 2875 1386 2924 sunt
1406 2878 1515 2935 hec,
1538 2894 1664 2926 anno
1690 2877 1962 2928 indictione.
1998 2876 2177 2926 Mense.
2193 2877 2291 2923 Die.
2305 2876 2391 2923 ho·

73 2935 77 2937 ‘
155 2947 218 2980 ra.
234 2933 344 2982 loco
359 2936 406 2985 ὅ(
418 2936 699 3001 pontificatu
721 2938 1254 3004 p1·edi&cis.presentibus
1270 2943 1489 2994 Discretis
1500 2948 1607 2995 viris
1622 2947 1851 2997 Dominis.
1868 2947 2071 3010 Hogero
2089 2945 2147 2991 de
2159 2941 2391 3007 Distorpe·.

151 3000 393 3054 bertramo
410 3007 468 3055 de
485 3005 703 3073 distorpe.
718 3009 961 3075 perpetuis
975 3009 1167 3062 ecclesie
1182 3010 1338 3138 sandaee
1347 3014 1498 3063 Marie
1510 3015 1806 3082 Hamburgn.
1820 3012 2033 3082 prediste
2047 3011 2241 3064 vicariis.
2257 3009 2391 3129 {lodd-

1354 3093 1382 3145 ἴ
1424 3097 1447 3146 3
2286 3094 2320 3128 ri
2358 3094 2387 3129 O
