2541 3415
188 90 290 156 5276
1060 93 1158 150 Die
1182 93 1327 147 britte
1338 94 1554 163 zeitage

323 221 460 268 Item.
500 219 628 267 Idem
654 216 785 266 dedit
810 217 976 282 viginti
1000 224 1222 283 quattuor
1245 217 1440 268 scifforia
1463 219 1555 270 five
1578 220 1774 271 telloria.

324 287 386 336 Et
407 287 536 335 idem
559 285 691 333 dedit
715 299 940 350 magnum
967 287 1234 335 cratherem
1259 288 1482 336 ferreum.

319 354 458 403 Item.
472 413 476 415 μ
490 353 624 402 Idem
643 352 775 403 dedit
798 368 940 403 unam
963 351 1158 419 longam
1180 355 1387 403 mensam
1414 352 1678 418 infignitam
1703 353 1900 405 historiis
1923 355 2303 423 depi&is&cum
2317 358 2404 410 suis

256 436 410 472 armis.
716 436 719 438 ·
1878 438 1881 439 ⁷

320 490 442 539 Item
466 487 669 538 mensale
693 488 743 540 ὅ(
762 504 908 538 unum
931 486 1167 553 appenfile
1190 489 1249 536 ad
1272 488 1473 535 eandem
1497 487 1720 539 mensam.

183 561 334 622 1514.
405 559 550 607 Anno
564 556 654 607 &a
677 555 1072 622 Qingentefimo
1091 553 1278 602 decimo
1304 560 1474 619 quarto
1498 556 1616 604 obiit
1645 558 1736 605 Dn.
1761 555 1932 605 Christ.
1953 558 2086 607 Buck
2109 559 2241 625 cujus
2269 559 2405 612 testass

251 625 473 675 mentarii
496 625 729 673 dederunt
742 640 881 671 unam
904 622 1092 684 stopam
1114 629 1389 685 argenteam
1405 624 1679 685 pensantem
1699 639 1876 671 nouem
1901 626 1949 674 ὅ(
1963 626 2189 677 semiduas
2203 637 2404 693 quartas,
2457 674 2461 675 ⁷

313 693 496 741 Eodem
520 707 645 740 anno
672 691 762 741 &a
779 687 1156 754 quingentefimo
1181 688 1369 737 decimo
1395 697 1564 753 quarto
1584 691 1701 739 obiit
1729 692 1820 739 Dn.
1845 693 2084 757 Eggerdus
2107 696 2166 743 de
2190 696 2406 747 Stocken

252 758 358 826 ‘ejus
379 758 740 808 Testamentarii
763 757 995 805 dederunt
1019 762 1247 820 quattuor
1270 771 1537 806 marcarum
1559 758 1768 806 redditus
1791 760 1850 806 ad
1871 760 1972 808 usus
1995 777 2173 826 panum
2200 763 2250 813 ὅ(
2273 763 2406 813 lurni-

252 844 370 877 num
390 826 709 876 Vicariorum.
2174 862 2178 864 ,

183 900 334 960 ἰςιγ.
404 897 547 943 Anno
571 892 661 941 &a
684 889 1063 956 quingentesimo
1088 891 1276 940 decimo
1302 889 1501 957 septimo
1525 893 1645 942 obiit
1665 892 1757 940 Dn.
1782 891 2112 945 Theodericus
2134 896 2402 957 Barnstede,

253 965 333 1027 qui
344 961 484 1077 1dedit
515 974 659 1009 unam
691 958 873 1024 stopam
907 957 1182 1025 pensantem
1211 960 1380 1009 decem
1414 959 1464 1011 <Sc
1485 959 1599 1011 οξῖο
1632 960 1811 1023 untias,
1850 961 1900 1011 ὃς
1931 977 2078 1012 unum
2108 965 2198 1024 (ut
2230 965 2404 1029 vulgo)

252 1032 346 1080 Ort
387 1063 397 1076 .
1880 1067 1887 1074 .

319 1098 452 1145 Idem
467 1097 558 1144 Dn.
580 1095 914 1143 Theodericus
939 1096 1070 1144 dedit
1082 1096 1470 1161 vigintiquatuor
1483 1096 1738 1146 solidorum
1763 1095 1970 1146 redditus
1983 1096 2406 1150 distribuendosin·
2435 1127 2438 1132 ·

257 1172 333 1214 ter
358 1165 653 1213 celebrantes
688 1164 735 1211 in
759 1163 916 1227 vigilia
942 1164 1158 1212 omnium
1180 1163 1478 1214 Sanctorum.

192 1250 212 1283 ι
229 1248 277 1296 5¹
294 1240 335 1287 8.
408 1235 554 1280 Anno
578 1230 669 1280 (Sec,
692 1230 1068 1295 quingentesimo
1083 1232 1273 1279 decimo
1288 1231 1461 1282 ottavo
1477 1233 1596 1281 obiit
1609 1233 1703 1280 Dn.
1727 1231 1893 1279 Herm.
1906 1230 2206 1295 Wiggersen
2221 1233 2302 1298 qui
2324 1234 2404 1283 de-

248 1301 318 1349 dit
341 1300 480 1348 unius
503 1314 673 1347 marcae
693 1300 902 1347 redditus
926 1299 1050 1346 inter
1071 1298 1365 1348 celebrantes
1388 1301 1486 1364 ipso
1512 1301 1588 1349 die
1612 1300 1738 1348 Petri
1762 1299 1820 1346 ad
1846 1299 2154 1348 Cathedram.

316 1369 438 1416 Item
462 1367 633 1415 Metke
656 1368 844 1414 Bremes
865 1366 998 1414 dedit
1020 1381 1169 1414 unum
1199 1366 1420 1416 mensale·

315 1434 487 1484 Alleke
511 1434 808 1483 Ackermans
832 1435 1076 1499 quondam
1097 1433 1262 1483 ancilla
1281 1435 1389 1484 diue
1414 1433 1606 1500 virginis
1628 1433 1677 1482 in
1701 1432 1884 1482 summo
1907 1434 2039 1483 dedit
2059 1449 2207 1487 unum
2221 1434 2405 1487 coclea-

245 1520 300 1555 re
325 1520 372 1551 ar
409 1510 618 1551 enteum.
1340 1531 1347 1533 f

313 1519 494 1620 Eoffiem
524 1585 650 1618 anno
664 1569 757 1620 διε.
789 1568 1168 1634 quingentesimo
1186 1569 1377 1618 decimo
1391 1567 1565 1618 osfi’cauo
1582 1566 1727 1616 altera
1753 1569 2047 1619 quentionis
2060 1571 2104 1619 S.
2121 1572 2272 1620 crucis
2287 1571 2407 1621 obiit

248 1639 624 1703 Domzjoachim
647 1636 806 1685 Forste
828 1636 1038 1684 Ecclefiae
1059 1635 1427 1700 Hamburgenfis
1448 1635 1683 1694 Vicariu8‚
1706 1638 1785 1700 qui
1800 1636 1931 1685 dedit
1950 1634 2095 1687 unius
2111 1653 2279 1688 marcae
2301 1639 2404 1688 red-

253 1709 377 1756 ditus
401 1709 521 1755 inter
543 1705 837 1753 celebrantes
874 1704 1019 1751 altera
1044 1703 1333 1751 inuentionis
1357 1704 1402 1751 S.
1427 1702 1612 1751 Crucis.

196 1790 338 1837 1520.
408 1776 553 1821 Anno
578 1773 667 1823 dcc.
691 1770 1067 1835 quingentesimo
1088 1770 1314 1834 vigefimo
1337 1771 1385 1818 in
1406 1769 1564 1834 vigilia
1584 1770 1789 1819 Andreae
1808 1769 2025 1836 Apostoli
2058 1772 2178 1820 obiit
2211 1774 2304 1822 Dn.
2324 1773 2408 1839 Jo-

249 1845 431 1891 hannes
451 1840 717 1888 Timmonis
741 1840 819 1902 qui
842 1838 974 1885 dedit
1007 1839 1065 1885 ad
1087 1851 1233 1902 panes
1258 1837 1305 1886 ὅ(
1329 1836 1505 1886 lumina
1529 1839 1814 1886 vicariorum
1848 1840 2018 1886 decem
2039 1854 2219 1887 marcas
2250 1842 2408 1890 reddi-

248 1918 353 1965 ως,
377 1910 436 1955 de
461 1908 626 1971 quibus
652 1908 815 1953 Simon
840 1904 1023 1952 Gerdes
1056 1906 1261 1968 accipiet
1287 1906 1494 1969 quinque
1528 1920 1707 1952 marcas
1740 1905 2041 1954 denariorum
2065 1905 2248 1970 singulis
2273 1910 2406 1956 annis

252 1978 470 2025 advitam
487 1976 627 2022 suam.
698 1974 754 2021 Et
768 1970 871 2037 post
895 1971 1030 2036 ipsius
1044 1973 1228 2019 obitum
1252 1973 1486 2020 dabuntur
1500 1971 1666 2036 viginti
1691 1979 1896 2036 quatuor
1919 1972 2173 2020 solidorum
2195 1975 2408 2022 interce-

253 2044 487 2093 iebrantes
523 2058 610 2107 pro
645 2042 876 2088 memoria
901 2041 1114 2089 ambonis
1125 2068 1140 2096 ,
1174 2046 1227 2087 ut
1249 2045 1384 2104 patet
1411 2039 1460 2088 in
1486 2038 1629 2089 literis
1663 2039 1858 2104 desuper
1881 2038 2140 2100 confectiS,
2172 2039 2407 2106 reliquum

249 2112 461 2160 manebit
486 2111 609 2175 apud
631 2123 792 2174 panes.
1776 2135 1779 2136 ν

191 2194 333 2242 1521.
407 2181 552 2226 Anno
577 2177 770 2226 Domini
794 2175 1171 2242 quingentesimo
1196 2174 1420 2240 vigefimo
1441 2175 1597 2240 primo
1613 2208 1628 2235 ,
1649 2174 1768 2224 obiit
1782 2175 1874 2223 Dn.
1889 2174 1937 2225 ὃ(
1952 2173 2173 2239 Magister
2193 2177 2408 2225 Andreas

258 2247 528 2294 Smedeken
554 2246 634 2309 qui
657 2245 787 2293 dedit
812 2246 1019 2309 quinque
1042 2260 1303 2293 marcarum
1328 2244 1536 2292 redditus
1570 2245 1628 2292 ad
1650 2257 1795 2308 panes
1828 2242 2109 2290 vicariorum
2146 2243 2312 2307 quihus
2339 2244 2409 2293 uti

253 2315 396 2362 debet
420 2311 592 2361 famula
615 2309 713 2376 ejus
737 2310 891 2378 Effebe
912 2313 1116 2360 Lomans
1130 2314 1186 2360 ad
1210 2312 1357 2362 vitam
1381 2311 1525 2370 suam,
1550 2326 1641 2376 qua
1663 2317 1851 2359 mortua
1865 2310 1922 2358 ad
1944 2324 2091 2375 panes
2111 2309 2408 2375 spectabunt,

253 2379 478 2431 videlicet
500 2382 546 2428 in
569 2380 710 2428 literis
734 2380 930 2444 desuper
954 2381 1086 2428 datis.

317 2448 499 2495 Eodem
523 2464 650 2496 anno
675 2447 765 2498 ὅτε.
780 2446 1154 2513 quingentesimo
1168 2446 1389 2497 vicesimo
1404 2446 1559 2512 primo
1574 2445 1621 2495 in
1635 2443 1844 2512 profesto
1858 2444 2207 2510 Conceptionis
2229 2445 2412 2504 Mariaej

251 2515 373 2563 obiit
398 2515 488 2562 Dn.
511 2515 712 2578 jacobus
735 2516 909 2564 Witte
930 2516 1147 2564 Vicarius
1159 2513 1301 2578 hujus
1324 2513 1533 2562 Ecclefiae
1559 2515 1638 2579 qui
1651 2515 1780 2562 dedit
1802 2515 1999 2562 duarum
2023 2525 2284 2561 marcarum
2298 2513 2407 2561 red-

257 2584 379 2630 ditus
402 2583 460 2629 de
482 2582 646 2646 quibus
670 2598 761 2630 una
786 2599 943 2631 marca
965 2584 1108 2631 debet
1132 2583 1230 2630 dari
1251 2583 1375 2631 inter
1398 2581 1693 2632 celebrantes
1715 2581 1862 2630 altera
1884 2579 2216 2645 conceptionis
2230 2579 2406 2628 Mariae.

257 2649 362 2700 Alia
385 2656 546 2698 autem
569 2664 724 2696 marca
757 2649 980 2713 spectabit
1000 2652 1057 2698 ad
1081 2665 1242 2714 panes.
2114 2661 2117 2662 ’

193 2732 338 2780 1522.
407 2717 584 2764 Eodem
606 2731 732 2763 anno
765 2717 1140 2781 quingentesimo
1165 2716 1386 2766 vicesimo
1424 2718 1658 2772 secundm
1692 2715 1839 2774 altera
1867 2716 1910 2762 S.
1930 2713 2138 2763 Mauritii
2170 2713 2291 2762 obiit
2311 2715 2406 2764 Dn.

253 2784 495 2850 Johannes
519 2783 782 2847 Reyneken
808 2784 1010 2832 summus
1031 2785 1251 2834 Vicarius
1281 2782 1421 2849 hujus
1443 2785 1656 2835 Ecclessae
1678 2785 1757 2850 qui
1790 2783 1921 2832 dedit
1942 2782 2000 2829 ad
2021 2794 2169 2847 panes
2190 2782 2407 2831 Vicario-

255 2868 363 2900 rum
393 2848 532 2899 trium
558 2866 820 2899 marcarum
836 2852 1062 2901 redditus.

196 2921 339 2983 1526.
408 2922 553 2968 Anno
579 2918 672 2969 &cs
695 2918 1071 2983 quingentesimo
1085 2918 1308 2970 vicesimo
1325 2921 1456 2971 sexto
1478 2917 1595 2970 obiit
1606 2919 1696 2970 D'n.
1721 2918 1957 2970 Henricus
1975 2916 2141 2983 Jacobi
2162 2916 2302 2982 hujus
2325 2919 2409 2967 Ec-

258 2985 402 3040 clefiae
434 2986 661 3052 vicariuS,
697 2988 778 3054 qui
808 2988 938 3041 dedit
970 2987 1405 3061 trium-marcarum
1437 2990 1660 3041 redditus.
1706 2989 1836 3041 Inter
1867 2987 2161 3040 celebrantes
2185 2985 2410 3062 videlicet

2254 3068 2406 3118 vigin-
