2541 3415
184 124 210 138 rs>

189 133 294 189 34⁶
975 150 977 152 ·
1060 122 1159 177 Die
1181 125 1332 174 niet-te
1362 112 1577 191 beitrage
1608 112 1611 115 ’
1642 128 1645 130 ’

180 237 420 296 secundm
443 240 491 289 ὅ(
512 239 717 304 reliquos
751 242 868 289 duos
892 241 989 289 dies
1018 241 1121 307 ipfis
1153 242 1456 292 familiaribus
1487 243 1533 294 ὅ(
1563 245 1864 293 servitoribus
1896 260 1951 293 ac
1982 245 2203 294 universis
2231 244 2406 293 Christi

177 302 391 354 fidelibus
415 309 657 371 utriusque
682 307 814 356 sexus
839 308 1059 371 homines
1084 325 1172 374 pro
1206 313 1349 360 tertio
1383 327 1438 359 ac
1478 314 1800 375 peremptorio
1834 313 2070 369 termino,
2104 328 2158 361 ac
2181 314 2403 361 monitio-

173 387 237 420 ne
260 374 490 422 canonica
515 372 773 440 assignatis,
813 391 931 440 quos
957 375 1004 426 ὅ(
1027 393 1115 424 nos
1136 374 1415 442 aflignamus
1448 379 1625 424 eisdem
1650 378 1729 440 ipsi
1764 380 2009 428 familiares
2046 382 2094 430 ὃ(
2119 379 2345 429 sevitores
2372 378 2400 426 a

173 439 514 498 familiaritate,
549 444 791 507 ceterique
816 443 986 492 Christi
1019 442 1178 493 fideles
1211 445 1237 491 a
1260 446 1621 508 participatione
1646 443 1695 492 ὅ(
1729 448 2167 495 communicatione
2189 447 2398 512 ipsorum

174 508 573 557 denunciatorum
599 509 646 558 ὅ(
669 519 1033 574 aggravaturum
1059 513 1246 575 penitus
1275 512 1536 560 &omnino
1562 509 1801 569 desistant,
1833 512 1882 561 ὃ(
1907 513 2102 578 quilibet
2125 530 2291 562 eorum
2314 515 2397 561 de-

175 573 321 630 sistat,
355 591 446 624 nec
471 593 568 625 non
595 593 704 625 cum
743 579 918 625 eisdem
943 580 1236 625 denunciatis
1268 578 1315 626 ὅ(
1337 578 1600 642 aggravatis
1630 578 1897 633 serviendo,
1932 579 2203 644 loquendo,
2238 583 2397 629 seden-

175 645 267 701 do,
298 643 610 709 assurgendo,
645 644 837 702 stando,
871 644 1185 700 ambulando,
1223 644 1493 701 salutando,
1529 645 1827 709 hospitando,
1859 648 2105 709 sociando,
2141 651 2397 696 comeden-

171 712 264 768 εἰσ,
301 711 528 768 bibendo,¹
564 712 817 767 molando,
856 712 1110 775 coquendo
1133 712 1320 770 cibum,
1354 719 1552 777 potum,
1580 711 1666 769 sal,
1691 712 1849 776 ignem
1881 722 1961 762 aut
1983 715 2069 764 alia
2102 728 2395 780 quaecunque

170 778 281 826 vitae
304 779 380 826 seu
408 778 555 828 vidtus
588 777 863 833 necessaria,
900 778 1265 842 quomodolibet
1296 779 1627 836 ministrandO,
1673 788 1753 828 aut
1787 780 1871 828 alia
1897 782 2064 846 quovis
2091 783 2395 830 humanitatis

171 844 337 893 solatio
364 855 672 910 praeterquam
707 846 752 891 in
777 845 950 892 casibus
976 845 1002 891 a
1017 843 1124 907 jure
1152 846 1404 911 permiOES,
1441 846 1534 895 ullo
1564 850 1711 894 modo
1744 846 1940 910 amplius
1973 851 2252 914 participare
2281 864 2393 914 prae-

172 913 382 969 sumant,
422 913 496 960 seu
530 917 646 959 aiter
679 926 846 959 eorum
889 911 1161 976 praesumat,
1200 916 1330 977 quod
1365 915 1392 962 s1
1428 916 1663 962 contraria
1695 917 1927 973 fecerint,
1968 917 2044 963 seu
2076 917 2192 964 alter
2226 929 2394 965 eorum

169 980 363 1036 fecerit,
401 995 486 1027 nos
512 981 559 1026 in
583 995 693 1036 eos,
726 979 776 1028 <Sc
797 995 963 1027 eorum
986 980 1245 1045 quemlibet
1268 997 1376 1030 cum
1403 981 1533 1031 dietis
1559 983 1851 1031 denunciatis
1875 985 2138 1047 aggravatis
2159 984 2396 1032 rebelliter

116 1053 123 1055 *
169 1047 554 1110 participantibus
579 1047 629 1095 ὃς
664 1047 1119 1096 contrafacientibus
1154 1064 1215 1096 ex
1242 1064 1369 1097 nunc
1400 1058 1543 1115 prout
1577 1064 1637 1097 ex
1665 1058 1810 1108 tunc,
1845 1050 1967 1099 dista
1999 1052 2076 1099 sex
2112 1051 2294 1099 dierum
2319 1055 2395 1099 ca'-

170 1113 341 1160 nonica
363 1115 628 1162 monitione
652 1113 873 1179 praemissa
896 1117 1414 1165 excommunicationis
1449 1118 1728 1166 sententiam
1750 1118 1943 1166 ferimus
1978 1121 2024 1166 in
2044 1119 2115 1168 his
2140 1119 2317 1184 scriptis
2344 1117 2393 1167 &
2424 1150 2429 1163 ,.

169 1180 313 1227 etiam
338 1181 718 1245 promulgamus,
748 1182 796 1232 ὅ(
822 1183 1126 1232 nihilominus
1151 1200 1239 1232 vos
1264 1200 1432 1233 omnes
1457 1185 1506 1235 ὃς
1529 1184 1729 1247 singulos
1755 1184 2067 1249 supradistos‚
2101 1189 2265 1250 quibus
2281 1200 2394 1251 prae-

166 1247 317 1295 sentes
343 1247 508 1296 nostrae
530 1249 673 1298 litera:
708 1251 969 1312 diriguntur
1003 1253 1151 1298 modo
1174 1251 1399 1302 &forma
1433 1249 1695 1317 praemiffis,
1730 1252 1852 1301 dieta
1886 1252 2167 1302 aquritate
2198 1254 2394 1317 requiri-

169 1329 276 1361 mus
302 1315 348 1364 ὅ(
373 1331 648 1375 monemus,
684 1326 913 1381 quatenus
942 1317 1144 1367 fimiliter
1159 1319 1527 1383 fingulisdiebus
1553 1321 1797 1368 dominicis
1823 1319 2054 1369 &festivis
2079 1320 2181 1384 post
2202 1319 2393 1384 lapsum,

166 1380 403 1430 dierorum
437 1384 514 1431 sex
539 1386 747 1438 dierum,
783 1386 1002 1449 praefatos
1022 1386 1270 1435 familiares
1291 1404 1346 1436 ac
1377 1389 1651 1444 servitores,
1689 1403 1744 1435 ac
1776 1387 1890 1436 alios
1926 1404 2033 1436 cum
2056 1386 2189 1437 dietis
2213 1390 2393 1435 denun‘-

165 1449 327 1507 ciatis,
364 1456 631 1515 aggravatis
653 1453 700 1502 ὃ(
729 1456 1077 1517 reaggravatis2
1122 1457 1268 1503 modo
1305 1455 1532 1520 praemiffo
1568 1456 1928 1520 participanteS,
1961 1457 2009 1504 in
2045 1455 2204 1504 vestris
2236 1455 2388 1503 eccle-

162 1515 231 1564 fiis
256 1549 271 1574 ,
321 1517 612 1568 monasteriis
648 1520 767 1568 infra
800 1520 1034 1569 missarum
1072 1522 1323 1580 solemnia,
1367 1539 1476 1570 cum
1500 1523 1672 1571 ibidem
1697 1525 1838 1570 etiam
1864 1522 2028 1587 populi
2051 1521 2308 1571 multitudo
2332 1521 2390 1570 ad

165 1584 327 1632 divina
351 1588 582 1634 audienda
608 1589 915 1644 convenerit,
957 1603 1041 1651 per
1067 1605 1180 1645 vos,
1220 1598 1270 1635 ut
1292 1592 1615 1652 praemittitur,
1643 1592 2086 1638 excommunicatos
2111 1588 2298 1653 publice
2313 1590 2391 1636 de·

164 1653 419 1700 nuncietur
447 1653 496 1702 &
517 1653 611 1700 aliis
645 1655 918 1702 denunciari
953 1655 1000 1704 ἃ
1023 1658 1080 1703 ab
1114 1658 1331 1704 omnibus
1368 1656 1540 1704 Christi
1570 1655 1780 1704 fidelibus
1806 1656 1974 1705 arffius
1999 1658 2164 1706 evitari
2192 1656 2393 1713 faciatis,

164 1718 322 1767 donec
346 1719 397 1769 δε
418 1736 671 1786 quousque
694 1720 998 1770 absolutionis
1026 1720 1307 1771 beneficium
1333 1725 1592 1771 meruerint
1617 1726 1862 1781 obtinere,
1904 1724 1950 1774 <Sc
1965 1724 2089 1772 aliud
2112 1724 2139 1770 a
2162 1725 2298 1772 nobis
2313 1721 2392 1772 vel

163 1785 389 1850 superiori
412 1786 572 1835 nostro
595 1789 851 1837 habueritis
876 1791 921 1836 in
944 1791 1188 1840 mandatis.
1307 1791 1568 1839 ·Volumus
1602 1798 1761 1839 autern
1787 1792 1835 1841 ὃ(
1866 1790 2148 1841 austoritate
2172 1789 2391 1856 praedista

166 1853 387 1901 omnibus
415 1855 463 1904 ὃς
488 1854 671 1919 fingulis
699 1855 871 1903 Christi
894 1854 1104 1905 fidelibus
1128 1855 1424 1923 praecipimus
1448 1859 1496 1908 δε
1520 1859 1796 1907 mandamus
1822 1859 1899 1907 sub
1922 1861 2055 1924 penis
2078 1859 2127 1908 ὅ(
2152 1859 2391 1907 sententiis

164 1919 433 1984 supradicstis
449 1951 462 1974 ‚
499 1937 559 1969 ne
584 1922 745 1987 aliquis
769 1923 975 1987 ipsorum
1002 1925 1304 1989 praefatorum
1330 1927 1654 1982 denuncians,
1680 1928 1944 1991 aggravatis
1970 1926 2017 1976 <Sc
2052 1927 2390 1991 reaggravatis,

164 1990 384 2050 quamdiu
410 1992 456 2037 in
480 1988 751 2052 hujusmodi
774 1991 1033 2038 rebellione
1057 1991 1367 2056 perstiterint,
1405 1994 1453 2044 ὅ(
1480 1995 1673 2042 obedire
1708 2009 1807 2041 non
1830 1996 2127 2051 curaverint,
2166 1994 2299 2058 super
2313 1995 2393 2042 de-

162 2055 268 2102 bitis
292 2055 340 2104 ὅ(
362 2056 457 2105 aliis
480 2058 684 2122 negotiis
707 2059 751 2105 in
775 2058 883 2105 foro
905 2059 1213 2108 ecclesiastico
1238 2061 1316 2108 vel
1341 2061 1530 2109 seculari
1561 2062 1846 2127 respondere
1869 2061 2132 2126 presumat,
2171 2061 2246 2108 sed
2268 2059 2389 2125 ipfis,

161 2124 536 2186 utfpraemittitur
559 2124 807 2174 rebellibus
831 2141 996 2174 omnes
1012 2124 1130 2190 juris
1157 2128 1277 2175 ordo
1302 2129 1351 2178 ἅτ
1377 2128 1504 2177 aetus
1526 2127 1754 2192 judicialis
1787 2128 2100 2194 praecludatur
2123 2128 2309 2193 penitus
2344 2127 2394 2177 ὅ(

164 2191 455 2254 denegatur,
492 2206 582 2240 nec
607 2207 774 2241 eorum
799 2192 1071 2242 testimonio
1095 2194 1210 2243 fides
1235 2197 1539 2253 adhibeatur,
1576 2197 1656 2262 ipfi
1680 2206 1839 2245 tamen
1859 2196 1955 2244 aliis
1978 2195 2176 2244 omnino
2200 2196 2392 2258 respon-

162 2257 276 2304 dere
302 2266 567 2308 teneantur.
638 2261 965 2309 Hesltantibus
998 2263 1058 2309 de
1088 2261 1412 2325 jurisdiC‘cione
1437 2264 1486 2314 ὃς
1517 2263 1752 2327 potestate
1786 2261 1953 2311 nostris
1984 2261 2126 2310 fidem
2160 2262 2390 2311 faciemus

163 2324 250 2372 suis
273 2323 383 2372 loco
407 2327 452 2376 ὅ(
481 2337 700 2393 tempore
735 2329 867 2391 super
891 2329 989 2376 hoc
1014 2330 1174 2378 debite
1210 2331 1439 2394 requifiti,
1484 2331 1561 2379 illo
1597 2332 1755 2380 saltem
1780 2332 1944 2395 quibus
1975 2332 2021 2377 in
2049 2330 2280 2393 prioribus
2302 2344 2393 2377 no-

166 2389 262 2439 stris
289 2392 574 2455 processibus
598 2411 696 2443 non
720 2394 893 2444 exstitit
912 2396 1140 2445 intimata.
1226 2398 1589 2446 Absolutionem
1619 2415 1735 2447 vero
1760 2398 1975 2445 omnium
2010 2397 2059 2447 ἅ
2082 2395 2386 2461 singulorum,

163 2459 241 2523 qui
267 2460 478 2522 praesatas
503 2462 678 2510 nostras
703 2465 955 2512 sententias
990 2466 1066 2512 seu
1089 2480 1255 2513 eorum
1280 2464 1485 2530 aliquam
1517 2466 1812 2514 incurrerunt
1835 2480 2026 2529 quoque
2058 2467 2205 2513 modo
2234 2465 2386 2519 nobis,

163 2524 237 2575 vel
260 2526 480 2591 superiori
503 2528 660 2577 nostro
682 2532 1019 2579 tantummodo
1041 2533 1367 2582 reservamus.>
1418 2533 1475 2580 In
1496 2548 1697 2598 quorum
1722 2534 1936 2582 omnium
1957 2533 2005 2582 ὅ(
2028 2531 2311 2595 singulorum
2326 2529 2388 2577 fi-

161 2593 298 2651 dem,
343 2595 392 2645 &
417 2593 736 2645 testimonium
763 2598 1098 2662 praemissorum
1120 2601 1368 2666 praesentes
1394 2600 1571 2648 nostras
1594 2600 1748 2665 literas
1773 2600 1866 2648 five
1890 2599 2087 2665 praesens
2109 2598 2387 2647 instrumen-

163 2668 265 2708 tum
289 2661 527 2726 publicum
552 2662 822 2726 hujusmodi
844 2666 1048 2715 nostram
1072 2668 1515 2732 reaggravationem
1541 2669 1589 2716 in
1613 2670 1654 2716 se
1669 2670 2000 2717 continentem
2025 2665 2116 2736 fiye
2129 2667 2384 2713 continens

163 2731 336 2777 exinde
363 2728 488 2786 fieri,
525 2731 570 2779 ὅ.»
596 2746 680 2795 per
703 2732 1031 2782 honorabilem
1055 2736 1210 2784 virum
1244 2737 1336 2784 Dn.
1365 2736 1627 2784 Lutherum
1652 2738 1710 2783 de
1733 2735 1926 2797 Weige
1948 2732 2202 2780 Notarium
2237 2732 2387 2797 publi-

163 2810 301 2854 cum,
325 2796 628 2864 nostru-mque
652 2798 701 2849 δε
730 2797 1002 2862 hujusmodi
1026 2803 1172 2851 cau-sae
1196 2819 1356 2851 coram
1388 2805 1524 2852 nobis
1547 2804 1889 2865 infrascriptum
1923 2798 2137 2847 subscribi
2168 2800 2215 2850 ὃ(
2237 2799 2387 2866 publi-

162 2866 257 2912 cari
282 2867 573 2915 madavimus
593 2865 852 2932 nostrisque
875 2867 999 2932 figilli
1017 2866 1231 2931 juffimus
1251 2871 1298 2921 ὅ(
1322 2872 1521 2921 fecimus
1547 2869 1832 2937 appensione
1854 2869 2154 2919 communiri.
2292 2868 2384 2915 Da-

159 2936 265 2982 tum
289 2932 337 2984 <Sc
359 2932 707 3005 adium-Lubek
728 2935 778 2986 in
801 2934 925 2986 dista
948 2939 1077 2988 curia
1098 2938 1253 3002 nostra
1275 2940 1433 2990 minor
1456 2937 1743 2991 Reinevelde
1766 2934 1902 2985 nobis
1926 2934 2039 2985 inibi
2059 2935 2109 2984 in
2121 2950 2248 2987 nova
2261 2934 2382 3051 ἓυῖει,
2409 2983 2413 2984 ⁷

2301 3017 2381 3051 ora

2199 3136 2215 3173 N
