2541 3415
149 181 250 244 '4³8
1002 170 1101 224 {Die
1139 164 1304 232 ffinfte
1335 165 1550 233 Zeilage

1253 304 1308 352 B.

159 404 292 586 In
317 405 499 456 nomine
522 402 606 453 dni
625 404 790 453 Amen.
829 405 974 452 Anno
991 417 1015 448 a
1031 401 1277 449 natiuitate
1294 399 1504 447 eiusdem
1519 397 1760 448 millesimo
1774 397 2253 467 Qadringentesimo
2269 371 2396 445 sexa-

2226 250 2388 262 ι-..ω

283 474 458 540 gesimo
477 471 736 521 indiffione
779 472 909 530 ¹59).
933 469 1103 518 ofitaua
1128 469 1202 515 die
1225 482 1341 515 vero
1373 467 1591 513 Secunda
1619 466 1788 516 menfis
1813 465 1923 531 maji
1958 464 2265 532 pontificatus
2298 464 2395 512 san-

283 540 463 592 &iffimi
486 542 535 588 in
557 538 748 588 Christo
775 539 918 602 patris
944 538 990 586 δι
1015 537 1120 591 dni,
1154 535 1233 582 dni
1267 531 1407 581 nostri
1440 533 1502 596 pii
1526 533 1688 581 diuina
1708 536 2008 597 prouidentia
2042 549 2164 600 pape
2187 532 2391 580 Secundi

159 627 288 659 anno
314 609 532 658 Secundo
556 609 605 656 in
629 609 722 653 mei
751 605 918 653 notarii
941 603 1116 667 publici
1154 600 1436 662 testiumque
1460 600 1859 663 infrascriptorurn
1894 605 1950 650 ad
1972 608 2069 650 hoc
2104 608 2392 651 vocatorum

160 680 212 730 ὅς
235 686 515 744 rogatorum
545 674 776 739 presentia
807 671 1114 736 personaliter
1137 667 1416 714 constiturus
1441 667 1731 715 honorabilis
1752 670 1821 718 vir
1842 671 1926 717 dns
1947 670 2159 717 Luderus
2183 670 2242 716 de
2257 668 2392 715 Rade

158 749 209 795 in
233 744 426 793 ecclesia
453 741 708 807 parochiarii
732 738 927 787 Semirus
956 738 1077 801 petri
1099 736 1421 797 Hamcurgen.
1442 734 1661 785 Bremen.
1680 736 1809 790 dioc.
1832 744 2088 801 perpetuus
2108 735 2326 785 Vicarius
2341 733 2391 783 &

162 813 499 862 memoriarum
524 811 571 857 in
593 811 759 856 eadem
797 804 1066 853 distributor
1086 803 1282 851 nomine
1305 802 1519 848 omnium
1543 802 1828 850 vicariorum
1857 804 2125 852 honorabili
2160 803 2265 851 viro
2291 803 2389 849 dno

161 881 357 930 Ludero
371 877 599 940 medinglz
614 873 814 922 ecclefiae
831 870 1110 934 parochialis
1128 868 1297 917 &inste
1310 865 1573 916 Katherine
1588 869 1915 934 Hamburgen.
1947 871 2252 920 fraternitatis
2275 870 2387 916 San·

163 949 225 998 &i
245 947 401 999 allexii
423 948 470 993 in
496 942 617 992 dieta
632 940 824 988 eccles-ia
841 937 993 986 Sanffi
1008 938 1129 1001 petri
1144 936 1444 1000 procuratori
1466 935 1512 985 ὃς
1528 936 1755 1001 prouisori
1781 937 1985 1000 presenti
2000 937 2047 987 ὅ(
2061 938 2267 985 audienti
2279 952 2388 1001 pro-

162 1017 317 1082 posuit
339 1014 388 1063 &
408 1012 524 1060 dixit
563 1006 936 1074 Qatenusaiias
961 1007 1139 1052 dudum
1165 1005 1242 1068 pie
1267 1004 1613 1051 recordationis
1639 1004 1739 1052 Dns
1761 1005 1993 1052 Nicolaus
2020 1004 2123 1052 Bul<
2144 1006 2260 1056 dum,
2276 1005 2391 1052 vixit

162 1085 213 1132 in
235 1082 357 1131 dista
379 1077 570 1133 ecclesia
588 1074 743 1123 Sanffi
765 1074 891 1121 Petri
918 1080 1180 1137 perpetuus
1194 1072 1411 1119 vicarius
1426 1072 1611 1135 prosae
1632 1080 1980 1137 parentumque
2007 1072 2192 1120 suorum
2216 1070 2390 1118 anima-

162 1164 270 1200 rum
286 1149 427 1198 salute
455 1152 659 1210 quatuor
681 1157 861 1190 marcas
886 1155 1154 1189 annuorum
1169 1140 1439 1187 reddituum
1462 1140 1519 1186 ad
1544 1139 1753 1188 diversos
1771 1140 1874 1188 usus
1898 1138 2119 1188 videlicet
2140 1140 2252 1186 duas
2267 1138 2391 1186 inter
2413 1148 2417 1153 '

154 1219 365 1268 vicarios
387 1215 434 1264 <Sc
462 1212 578 1260 alios
610 1211 949 1258 memoriarum
974 1208 1021 1257 ὃς
1046 1206 1426 1255 distributionum
1449 1207 1494 1254 in
1529 1207 1622 1271 ipsa
1644 1207 1836 1269 ecclesia
1870 1206 2026 1256 Sanffl
2052 1207 2173 1270 petri
2201 1206 2390 1270 partici-

164 1301 249 1352 pes
275 1286 320 1332 in
344 1283 555 1330 eiusdem
581 1277 769 1326 Nicolai
791 1276 895 1326 Bul<
916 1275 1229 1323 anniversario
1254 1290 1341 1338 pro
1370 1274 1444 1321 sua
1473 1274 1520 1323 ὃ(
1546 1273 1780 1323 (iustorum
1806 1283 2058 1339 parentum
2084 1275 2270 1322 suorum
2293 1287 2392 1320 rne-

161 1353 312 1401 moria
336 1348 605 1415 peragenda
637 1347 692 1394 Et
715 1346 762 1393 in
788 1346 863 1391 die
885 1340 1042 1390 Sanffl
1066 1339 1260 1390 Thorne
1283 1341 1374 1406 apli
1407 1357 1494 1406 pro
1520 1341 1847 1391 consolatione
1871 1342 2054 1406 singulis
2083 1342 2214 1388 annis
2257 1355 2393 1388 more

162 1420 308 1468 solido
334 1415 684 1464 distribuendas.
753 1411 964 1458 Tertiam
990 1425 1105 1458 vero
1133 1411 1190 1456 ad
1213 1409 1557 1458 fraternitatem
1583 1425 1845 1475 pauperum
1868 1410 2147 1459 scholarium
2170 1409 2218 1456 in
2240 1406 2392 1455 eccle-

161 1487 221 1537 sia
245 1489 383 1535 beate
409 1484 560 1532 Marie
629 1483 683 1529 Et
707 1487 924 1544 quartam
944 1493 1124 1525 marcas
1147 1479 1204 1524 ad
1229 1477 1576 1526 fraternitatem
1598 1476 1755 1527 Saneti
1776 1477 1948 1526 Allexii
1976 1481 2023 1525 in
2043 1475 2236 1525 ecclefia
2251 1474 2394 1525 sanffi

163 1555 291 1605 Petri
311 1548 679 1614 Hamburgenfis
701 1545 937 1596 antedi&a
957 1548 1005 1594 in
1037 1545 1118 1593 suo
1145 1543 1431 1593 testamento
1469 1544 1709 1600 donasset,
1743 1543 1994 1593 ordinasset
2017 1545 2066 1593 <Sc
2088 1542 2392 1608 disposuisset,

160 1624 224 1681 ¹de
248 1622 412 1686 quibus
434 1621 613 1666 duabus
635 1617 802 1663 marcis
825 1613 998 1660 ultimis
1021 1610 1130 1660 dim
1153 1612 1315 1660 vicarii
1338 1613 1385 1658 in
1408 1611 1601 1659 ecclesia
1633 1611 1775 1659 sanciti
1798 1612 1925 1660 Petri
1963 1611 2192 1659 dietarum
2226 1611 2392 1658 frater-

162 1692 366 1738 nitatum
388 1685 704 1752 provisoribus
726 1682 787 1729 ad
810 1680 941 1727 usum
964 1681 1227 1726 eorundem
1248 1677 1431 1742 singulis
1455 1680 1585 1727 annis
1619 1679 1864 1744 hucusque
1894 1679 2262 1744 respondebant.
2332 1678 2391 1725 Et

163 1773 274 1806 cum
308 1751 813 1803 huiusmodiredditus
841 1748 894 1798 ‘in
917 1755 1024 1795 toto
1049 1744 1128 1794 vel
1149 1746 1199 1794 in
1231 1754 1367 1810 parte
1389 1747 1538 1794 reemi
1577 1746 1654 1794 seu
1678 1748 1860 1796 redemi
1890 1746 2222 1810 contingeret,
2259 1746 2391 1810 quod

167 1832 284 1874 tunc
304 1823 378 1870 alii
401 1822 522 1870 certi
546 1818 757 1874 redditus
778 1831 888 1875 cum
909 1815 1088 1863 summa
1111 1812 1301 1878 capitali
1340 1815 1512 1861 exinde
1546 1813 1695 1861 soluta
1730 1815 1779 1864 ὅ(
1800 1814 1961 1863 habita
1982 1817 2322 1878 comparentur
2343 1813 2394 1863 &

166 1885 474 1946 emerentur,
504 1889 631 1936 idern
653 1882 739 1932 dns
771 1881 996 1931 Nicolaus
1019 1880 1214 1930 testator
1235 1879 1388 1930 voluit
1413 1881 1460 1930 ὃς
1484 1881 1784 1936 defiderauit,
1804 1891 1966 1947 ,prout
1997 1879 2088 1930 hac
2116 1883 2165 1930 in
2190 1883 2393 1944 quadam

166 1958 349 2025 patenti
370 1957 502 2006 litera
516 1970 609 2019 per
635 1950 933 2000 honorabiles
948 1951 1070 1997 viros
1097 1950 1217 1996 dnos
1232 1957 1423 2012 petrum
1438 1957 1555 1997 vent
1571 1948 1823 2013 plebanum
1840 1951 2167 1998 Hermannum
2183 1947 2390 2014 Ostingh

166 2028 216 2078 ὅς
239 2027 509 2091 Johannem
532 2020 690 2069 Villan
711 2019 913 2067 vicarios
957 2017 1152 2064 nomine
1176 2017 1396 2063 omnium
1421 2017 1703 2078 vicariorum
1726 2018 1772 2064 in
1806 2017 1985 2081 prefata
2016 2015 2208 2064 ecclesia
2238 2015 2394 2064 Sanffl
2476 2019 2479 2020 ⁷

168 2095 290 2161 petri
315 2095 364 2141 in
385 2091 563 2155 signum
601 2088 650 2137 &
675 2088 869 2135 modum
893 2083 1236 2148 recognitionis
1267 2082 1622 2149 premissorum,
1658 2093 1713 2133 ut
1733 2086 1883 2152 prima
1906 2085 2028 2133 facie
2052 2085 2267 2148 apparuit
2281 2083 2394 2148 sigil-

166 2161 556 2223 lata'ibidemque
578 2158 627 2204 in
651 2154 860 2202 medium
885 2149 1116 2218 produffm
1137 2151 1351 2216 liquidius
1377 2152 1727 2215 continebatur.
1799 2154 1857 2200 Et
1876 2167 2054 2217 exvquo
2075 2152 2210 2199 unius
2224 2166 2393 2199 marcae

168 2229 374 2279 redditus
389 2245 411 2280 ,Δ
435 2232 486 2274 nt
510 2223 798 2289 permittitur
818 2222 877 2269 ad
901 2220 1246 2269 fraternitatem
1269 2220 1408 2268 sanfiti
1422 2218 1593 2284 Alleicii
1607 2219 1852 2284 spe&antis
1867 2235 1957 2267 una
1983 2236 2091 2267 cum
2106 2217 2237 2266 dietis
2251 2219 2392 2266 trium

168 2310 431 2346 marcarum
453 2293 708 2341 redditibus
723 2288 825 2353 jam
840 2297 893 2337 ut
906 2286 1083 2337 ditium
1107 2288 1427 2346 dnvauderus
1441 2290 1500 2336 de
1514 2287 1646 2335 Rade
1660 2287 1844 2336 asseruit
1865 2287 2124 2335 exsoluti&
2137 2287 2388 2348 redempti,

171 2372 313 2428 atque
330 2362 504 2409 summa
518 2358 726 2424 capitalis
742 2373 832 2405 una
856 2372 963 2404 cum
979 2356 1236 2403 redditibus
1251 2355 1447 2420 desuper
1466 2356 1636 2404 debitis
1656 2358 1779 2419 apud
1803 2356 1951 2417 ipsum
1970 2356 2132 2401 forent
2154 2353 2202 2401 ὅ(
2224 2351 2399 2410 effent,‘
2462 2370 2467 2371 ⁷

116 2474 118 2476 ,
170 2432 285 2478 Ideo
309 2430 525 2476 omnibus
547 2426 817 2474 melioribus
843 2425 1009 2480 modo,
1044 2424 1136 2479 Via,
1163 2420 1287 2486 jure,
1323 2423 1457 2471 causa
1482 2423 1528 2471 ὅ(
1551 2423 1704 2470 forma
1719 2423 1885 2487 quibus
1899 2421 2064 2469 melius
2078 2420 2390 2485 potuit&de-

170 2499 365 2547 buitad
382 2494 754 2543 satisfaciendum
775 2492 939 2540 ultime
963 2490 1200 2539 voluntati
1223 2488 1333 2539 dieti
1347 2491 1427 2537 dni
1441 2490 1623 2538 Nicolai
1638 2491 1743 2538 Bul<
1760 2489 1896 2553 juxta
1913 2487 2390 2554 prenominatelitere

173 2575 394 2614 tenorem
416 2561 541 2610 dieto
557 2563 656 2608 dno
675 2561 865 2608 Ludero
881 2560 1115 2623 Medingk
1129 2559 1429 2623 procuratori
1447 2560 1643 2606 nomine
1657 2557 1780 2606 diste
1801 2557 2103 2606 fraternitatis
2119 2552 2258 2603 saneti
2280 2554 2391 2601 alle-

171 2634 235 2683 xii
261 2630 528 2695 acceptanti
551 2629 597 2677 ὃς
627 2628 880 2676 subleuanti
902 2627 1173 2691 quindecim
1195 2642 1376 2674 marcas
1396 2625 1582 2675 lubicen
1607 2627 1907 2673 denariorum
1933 2627 1978 2671 in
2005 2638 2144 2677 aurea
2165 2628 2391 2684 argentea

174 2701 423 2766 grossaque
450 2702 645 2744 moneta
665 2694 840 2742 summe
874 2694 1083 2758 capitalis
1123 2693 1332 2757 predifi'te
1368 2695 1426 2741 ad
1448 2694 1851 2758 reimponendum
1889 2692 1936 2741 δε
1960 2688 2219 2737 consimiles
2253 2689 2389 2736 unius

174 2782 333 2817 marce
355 2764 562 2813 redditus
588 2763 645 2809 ad
666 2760 789 2809 diere
809 2762 1111 2809 fraternitatis
1135 2760 1291 2809 Santti
1314 2761 1482 2810 Allexii
1506 2762 1608 2809 usus
1624 2762 1930 2808 reemendum
1954 2756 2390 2819 &comparandum

173 2837 220 2885 in
246 2842 468 2899 prompta
505 2828 704 2895 pecunia
729 2831 1021 2885 numerauit,
1059 2828 1258 2877 exsoluit
1290 2829 1339 2878 ὃς
1360 2828 1661 2893 presentauit.
1733 2828 1826 2891 Qi
1854 2825 2043 2889 quidem
2068 2824 2153 2869 dns
2177 2822 2388 2871 Luderus

173 2901 408 2964 Medingk
429 2897 758 2964 procuratorio
783 2896 830 2945 &
856 2897 1045 2942 nomine
1068 2898 1263 2945 fratrum
1289 2895 1521 2960 sepedifi‘ce
1553 2895 1855 2943 fraternitatis
1879 2888 2033 2938 Sanffi
2067 2888 2222 2938 allexii
2244 2890 2386 2937 suble·
2409 2950 2412 2953 r

176 2971 293 3018 natis
312 2969 466 3033 primo
496 2981 581 3031 per
608 2980 717 3012 eum
744 2963 791 3012 δι
823 2964 1023 3024 receptis
1058 2961 1325 3024 hujusmodi
1350 2964 1619 3027 quindecim
1641 2962 1806 3009 marcis
1839 2958 2138 3006 denariorum
2160 2956 2391 3021 preditsto·

173 3053 277 3086 rum
301 3037 478 3086 summe
502 3029 710 3097 capitalis
732 3030 779 3080 ὅ(
803 3028 914 3078 otto
939 3029 1089 3078 solidis
1122 3038 1236 3077 tunc
1261 3031 1532 3080 debitorum
1556 3029 1824 3079 reddituum
1851 3026 1900 3077 ὅ(
1924 3024 2122 3092 desuper
2145 3023 2392 3074 exsoluen-

2219 3092 2389 3142 dorum
