2541 3415
547 169 553 170 ff
641 143 915 207 &amlung
935 113 1440 204 bonffiestamentem
1463 133 1794 204 &tiffiungen
1827 139 1893 191 zei
2188 106 2190 108 Ι
2278 138 2377 196 483

155 271 233 322 bess
255 265 488 332 glyebotbtl)
509 227 933 325 veffteynnbunberti)
952 250 1122 313 baraba
1143 247 1240 327 3¹¹?
1262 247 1382 305 Qec
1406 246 1517 300 ”nbc
1537 244 1785 309 feettinesten
1807 247 1926 309 &ore
1949 261 2023 300 am
2046 240 2390 311 ftepbagbenba‘

158 336 226 387 bet·
246 330 526 394 enthouingbe
551 326 800 392 §johannae
824 320 1021 388 baptiste
1043 320 1121 372 Dee}
1142 318 1346 381 {nungenti
1368 313 1581 378 Qopetss,
1617 311 1782 366 melcfet
1808 319 1906 366 mae
1927 315 1973 367 be
1993 314 2130 379 [ateste
2147 313 2282 376 ἒῦαῴ
2305 314 2395 368 bez,

159 399 390 463 wambe&
410 395 594 459 augusti

180 501 183 503 -
325 464 413 531 fit.
444 463 512 529 δε
534 462 674 525 span&
701 456 853 521 §instet
877 452 1053 510 befnme
1072 453 1149 514 but
1172 447 1313 515 huffen
1335 446 1596 515 oesdmffene
1618 449 1711 511 mut
1733 455 1882 511 mmm
1907 456 2004 512 egen
2025 444 2200 513 muts»

194 629 326 715 59.
359 599 602 718 JOH.
633 593 1016 685 FRITZE
1045 584 1380 678 Pastoris
1409 581 1508 676 ad
1538 581 1735 676 Divi
1758 577 2039 702 Jacobi
2065 582 2340 677 Testa-

223 718 229 725 '
799 725 1101 776 mentum
1133 703 1220 776 A.
1247 721 1436 794 1544,
1482 720 1568 795 27
1594 703 1740 794 Apr.

249 877 279 909 n
299 857 481 909 nomine
494 853 607 922 Jestc
621 850 787 917 Chrzsti
810 869 866 904 ac
883 854 1144 904 Seruatoris
1163 848 1319 915 nostri.
1390 851 1493 915 Ego
1507 850 1711 914 Joannes
1724 848 1873 898 Fritze
1888 848 2150 914 Hamburgi
2167 848 2213 897 in
2226 848 2384 897 Eccle-

158 858 257 1037 Ι
282 928 340 975 sia
370 929 474 975 Diui
496 927 660 990 jacobi
684 922 843 972 Pastor
859 955 874 979 ‚
913 921 1203 971 confiderata
1224 917 1362 983 hujus
1386 919 1495 967 vitae
1519 919 1749 966 breuitate
1765 917 1810 967 ὅ(
1834 917 2265 976 incertitudiney&
2283 932 2385 981 per-

286 995 434 1057 penfis
454 994 591 1042 variis
610 1007 765 1040 rerum
790 991 1004 1039 omnium
1028 988 1276 1037 euentibus
1295 987 1395 1053 satis
1418 985 1632 1050 intelligo
1664 1001 1724 1033 ex
1744 1000 1794 1033 re
1821 1000 1925 1032 mea
1958 985 2007 1035 ὃ(
2027 1000 2242 1033 meorum
2268 985 2386 1040 fore,

159 1072 215 1109 ut
238 1063 282 1109 in
307 1064 404 1126 ipso
430 1062 650 1125 tempore
668 1092 682 1116 ,
717 1058 765 1108 ὅς
790 1066 953 1105 mente
982 1055 1233 1105 incolumis
1257 1088 1271 1113 ‚
1308 1051 1668 1102 Testamentum
1695 1053 1899 1101 condam
1916 1086 1930 1111 ‚
1969 1054 2017 1102 in
2043 1068 2138 1118 quo
2173 1052 2387 1101 ostenda-

161 1138 237 1175 tur
259 1137 387 1175 certa
411 1129 530 1174 ratio
553 1143 607 1174 ac
630 1128 783 1173 forma
802 1126 1080 1189 disponendi
1095 1138 1200 1172 mea
1222 1119 1383 1171 relicta
1409 1122 1559 1175 bona,
1597 1121 1645 1171 ὃ(
1670 1120 2003 1186 praescindatur
2026 1121 2182 1168 omnis
2204 1119 2389 1168 occasio

158 1194 336 1242 Litium
352 1228 365 1249 ,
387 1210 499 1259 quas
523 1193 772 1243 divifiones
787 1194 1023 1240 bonorum
1041 1190 1346 1256 plerumque,
1370 1188 1522 1237 solent
1543 1203 1725 1255 parere.
1797 1188 2109 1240 Consulturus
2134 1188 2276 1252 igitur
2301 1203 2388 1251 pro

159 1277 268 1309 mea
294 1261 566 1311 facultatula
600 1260 770 1325 gloriaes
796 1260 884 1308 Dei
917 1258 1127 1307 Ecclefiae
1162 1258 1293 1307 saluti
1321 1257 1372 1307 ὅ(
1402 1258 1508 1322 paci
1530 1289 1546 1315 ,
1582 1257 1742 1305 condo
1765 1271 1821 1303 ac
1845 1256 2016 1303 ordino
2043 1271 2202 1304 meum
2226 1254 2390 1303 Testa-

157 1338 406 1386 mentum,
435 1330 494 1376 de
516 1328 633 1376 meis
657 1328 818 1385 bonis,
852 1328 910 1375 ad
935 1327 1064 1374 hunc
1076 1326 1290 1375 modum.
1361 1327 1492 1373 Ante
1507 1325 1668 1372 omnia
1684 1324 1975 1372 commendo
1995 1322 2043 1371 ὅ(
2063 1322 2386 1373 me&omnes

158 1411 295 1445 meos
321 1389 533 1444 Domino
555 1396 663 1443 Deo
685 1410 796 1450 meo
814 1424 827 1450 ,
864 1402 916 1443 ut
936 1393 1009 1442 ille
1034 1409 1116 1441 eos
1137 1394 1399 1459 gubernet,
1432 1391 1650 1457 sospitet,
1687 1391 1915 1440 secundet
1935 1405 1991 1438 ac
2013 1390 2166 1439 seruet
2190 1398 2389 1455 paterna

158 1463 238 1511 sua
260 1463 586 1512 misericordia.
656 1463 840 1515 Deinde
864 1463 1119 1508 committo
1142 1461 1348 1507 animam
1372 1473 1529 1506 meam
1550 1473 1611 1506 ex
1635 1459 1730 1506 hoc
1746 1458 1934 1507 mortali
1956 1473 2160 1523 corpore
2185 1456 2389 1524 migran4

158 1537 257 1577 tem
281 1530 383 1593 Jesu
405 1528 594 1590 Christo
619 1528 828 1576 Domino
857 1542 970 1574 meo
993 1557 1010 1588 ,
1046 1528 1124 1591 qui
1145 1541 1223 1574 me
1241 1558 1256 1584 ‚
1281 1527 1458 1589 absque
1489 1527 1664 1573 merito
1687 1540 1799 1573 meo
1824 1557 1838 1581 ‚
1881 1527 1962 1573 suo
1986 1525 2212 1589 sanguine
2243 1526 2388 1590 gratis

155 1597 360 1644 redemit
381 1596 406 1643 ἐι
428 1604 659 1662 peccam,
693 1603 851 1644 morte
875 1594 924 1644 &
942 1593 1117 1642 diaboli
1135 1594 1340 1658 Imperio
1364 1624 1380 1654 ,
1418 1601 1470 1640 ut
1502 1591 1583 1640 Ille
1605 1607 1711 1639 eam
1744 1594 1801 1640 ad
1828 1592 1872 1640 se
1899 1592 2112 1657 suscipiat
2139 1594 2186 1642 in
2223 1595 2389 1641 beato-

155 1679 261 1712 rum
287 1663 473 1721 suorum
499 1664 804 1713 consortium.
877 1661 1070 1727 Corpus
1103 1661 1318 1727 relinquo
1357 1669 1494 1709 terrae
1524 1657 1829 1709 undefafitum
1862 1658 1929 1707 est
1957 1691 1972 1716 ,
2004 1668 2057 1708 ut
2093 1661 2139 1707 in
2172 1657 2270 1724 ejus
2292 1660 2390 1710 {inu

157 1732 365 1796 quiescat
381 1763 396 1789 ‚
419 1733 476 1780 ad
499 1733 686 1780 beatam
711 1728 1100 1779 resurrectionem
1124 1728 1253 1778 illum
1291 1743 1549 1795 corporum
1573 1726 1841 1776 nostrorum
1871 1756 1886 1782 ‚
1921 1726 1971 1776 in
1993 1727 2094 1791 *qua
2119 1743 2217 1776 non
2238 1727 2389 1777 solum

157 1799 332 1864 Spiritu
381 1798 458 1847 sed
489 1799 538 1849 <Sc
573 1798 720 1847 oculis
759 1797 936 1847 visurus
966 1797 1065 1845 sum
1101 1797 1256 1845 Deum
1286 1812 1341 1845 ac
1372 1797 1715 1845 Redemtorem
1747 1810 1911 1844 meum
1947 1794 2099 1860 Jesum
2133 1795 2390 1845 Christum.

157 1864 362 1915 Proinde
387 1866 626 1930 legaturus
645 1870 754 1913 mea
777 1867 931 1920 bona,
960 1867 1008 1913 in
1031 1865 1198 1913 mortis
1217 1879 1335 1912 meae
1357 1865 1505 1922 hora,
1528 1865 1722 1929 quando
1742 1864 1948 1912 animam
1963 1864 2111 1911 reddo
2127 1864 2252 1922 Deo,
2277 1858 2390 1914 ante

159 1937 323 1982 omnia
339 1932 557 1991 affirmo,
595 1931 740 1980 testor
764 1932 811 1981 ὅ(
834 1933 882 1979 in
906 1933 1061 1980 meam
1086 1933 1292 1983 animam
1316 1932 1496 1996 recipio
1513 1963 1529 1989 ‚
1567 1947 1644 1979 me
1665 1931 1951 1979 haereditatis
1964 1927 2068 1995 jure
2093 1933 2385 1991 ac.nomine,

158 2000 236 2049 vel
261 2001 287 2047 a
309 2002 582 2064 parentibus
598 2033 613 2057 ‚
647 1999 723 2048 vel
748 1998 775 2045 ἐι
796 2001 1041 2063 cognatis,
1074 1998 1150 2046 vel
1174 2000 1234 2046 ab
1255 1995 1493 2046 affinitatis
1517 1999 1632 2046 meis
1655 1997 1771 2047 nihil
1798 1996 2027 2062 accepisse
2051 1999 2229 2046 Dotem
2255 2015 2387 2047 nam-

158 2082 252 2133 que
286 2068 402 2116 mihi
433 2082 544 2115 cum
577 2067 753 2115 *Uxore
787 2080 894 2114 mea
939 2063 1207 2129 promissam
1242 2061 1341 2128 ejus
1383 2067 1578 2128 cognati
1619 2066 1735 2114 mihi
1774 2066 1991 2113 nondum
2033 2065 2384 2130 persoluerunt‚

156 2150 316 2200 neque
343 2150 435 2199 ego
458 2149 563 2182 eam
588 2133 817 2183 haetenus
842 2134 900 2181 ab
915 2134 981 2180 eis
1006 2132 1228 2189 seueriter
1251 2132 1390 2196 exegi
1414 2149 1430 2193 3
1464 2132 1597 2180 Volo
1619 2139 1780 2179 tamen
1804 2139 1857 2180 ut
1878 2146 1983 2180 eam
2004 2148 2122 2180 meae
2136 2136 2288 2193 uxori,
2305 2149 2387 2183 me

159 2204 303 2250 etiam
328 2208 521 2250 mortuo
545 2236 560 2260 ‚
595 2207 864 2251 numerent.
933 2200 1111 2248 Omnia
1133 2214 1233 2264 quae
1260 2198 1477 2263 posfideo
1504 2231 1519 2257 ‚
1558 2199 1609 2248 ὅς
1630 2213 1732 2263 quae
1756 2198 1940 2264 assigno
1967 2202 2083 2249 meis
2106 2200 2384 2264 Legatariis„

156 2271 314 2318 diuina
338 2270 630 2333 benignitate
655 2265 867 2331 adjutus,
892 2268 1082 2332 propria
1105 2265 1324 2315 industria
1346 2265 1395 2314 ὃς
1418 2268 1551 2331 graui
1575 2266 1736 2315 labore
1759 2267 1919 2315 multis
1943 2269 2074 2316 annis
2098 2268 2299 2334 collegi,
2336 2270 2388 2321 &

157 2336 276 2401 saepe
300 2339 480 2386 duriter
505 2337 797 2401 comparsui‚
834 2343 887 2382 ut
909 2336 1135 2381 haberem
1164 2332 1429 2382 Seneustuffl
1451 2334 1692 2382 viaticum.
1764 2334 2003 2399 Principio
2019 2337 2078 2383 de
2105 2336 2245 2400 hysce
2268 2339 2385 2389 meis

157 2403 294 2452 bonis
316 2437 330 2460 ‚
365 2402 482 2466 juste
505 2404 553 2453 ὅ(
577 2406 699 2452 bene
723 2402 867 2468 partis
889 2404 953 2449 do
968 2400 1080 2450 οᾶο
1094 2401 1263 2449 solidos
1287 2400 1518 2465 praesentis
1542 2401 1753 2465 pecuniae
1777 2403 1834 2449 ad
1855 2404 2269 2453 conseruationem
2293 2406 2389 2454 uia-

155 2486 261 2518 rum
288 2471 334 2520 &
358 2471 623 2519 semitarum
643 2504 657 2528 ‚
693 2470 741 2520 ὃς
764 2485 910 2518 unum
933 2466 1167 2517 florenum
1192 2469 1461 2517 communis
1486 2477 1693 2517 monetae
1719 2470 1778 2517 ad
1801 2470 2052 2520 utilitatem
2079 2472 2385 2536 Reipublicae.

157 2538 345 2587 Deinde
365 2546 581 2602 cognatae
605 2552 722 2585 meae
747 2535 994 2585 Christinae
1019 2570 1033 2594 ,
1071 2536 1220 2584 Uxori
1245 2536 1442 2584 Henrici
1463 2552 1554 2584 van
1581 2538 1750 2585 Ernem
1785 2538 1898 2586 ciuis
1920 2539 2282 2604 Hamburgenfis
2318 2542 2385 2590 do

158 2605 466 2670 quadraginta
489 2620 667 2654 marcas
689 2607 736 2653 in
759 2603 1031 2661 subfidium‚
1064 2605 1121 2650 ad
1146 2602 1258 2651 filias
1281 2603 1379 2652 suas
1397 2618 1457 2651 eo
1481 2603 1721 2653 honestius
1750 2605 1988 2654 colandas.
2057 2607 2222 2660 Libros
2247 2622 2386 2657 meos

158 2673 355 2721 Latinos
379 2675 512 2722 dono
538 2673 774 2738 parochiae
797 2671 1110 2734 Diuijacobi‚
1149 2672 1386 2735 cupioque
1412 2687 1495 2719 eos
1519 2671 1734 2720 afferuari
1761 2675 1806 2720 in
1831 2675 2006 2722 aedibus
2030 2673 2243 2732 Pastoris,
2259 2674 2387 2724 Teu-

161 2745 352 2788 tonicos
378 2740 595 2804 relinquo
630 2755 746 2788 meae
782 2739 931 2786 uxori.
1002 2740 1080 2786 Ad
1113 2736 1510 2802 glorificationem
1548 2741 1636 2788 Dei
1668 2739 1717 2789 &
1741 2741 1951 2790 Ecclefiae
1986 2739 2086 2805 ejus
2111 2741 2300 2790 salutem
2323 2757 2387 2792 ex

159 2806 298 2854 bonis
321 2809 436 2856 meis
458 2809 607 2869 doad
629 2805 967 2856 Scholasticum
997 2804 1276 2870 stipendium
1299 2808 1445 2855 lexies
1476 2815 1670 2856 centum
1693 2823 1890 2857 marcas,
1960 2810 2052 2857 Sed
2077 2825 2129 2857 ea
2156 2809 2259 2874 lege
2284 2843 2298 2868 ‚
2332 2817 2386 2860 ut

159 2888 267 2922 mea
291 2888 412 2922 uxor
435 2873 593 2923 Elsabe
619 2878 678 2923 de
701 2875 774 2923 his
798 2874 1044 2922 Sexcentis
1058 2875 1253 2932 marcis,
1270 2873 1429 2923 donec
1453 2875 1653 2934 vixerit,
1687 2877 1867 2925 reditus
1889 2876 2038 2925 sumat
2052 2907 2065 2931 ‚
2098 2892 2153 2924 ea
2178 2886 2383 2938 mortua,

161 2939 494 2992 testamentarii
517 2942 766 3008 praedictos
785 2943 994 2990 redditus
1015 2942 1063 2991 in
1076 2939 1334 2990 studiorum
1360 2943 1506 3002 usum,
1522 2941 1656 3009 juxta
1669 2944 1904 2993 rationem
1928 2944 2047 2994 infra
2069 2945 2387 3010 praescriptam

160 3016 461 3059 conuertant.
529 3010 716 3063 Caetera
740 3010 914 3072 omnia,
926 3024 1035 3062 mea
1057 3011 1185 3062 bona
1206 3010 1255 3060 in
1273 3008 1562 3063 testamento
1585 3028 1688 3066 non
1712 3010 1924 3080 expressa
1944 3027 2001 3062 ac
2021 3011 2176 3079 legata
2202 3046 2218 3072 ‚
2251 3014 2386 3063 dono

1301 3077 1434 3144 ⁵va
1469 3094 1498 3131 2
2202 3079 2384 3133 aneaae
