2541 3415
522 243 524 245 Ι
619 173 896 239 Samumg
922 151 1412 237 vonffiestamenten,
1449 169 1784 241 &tifftufigen‘
1811 174 1877 229 {c}
2272 181 2378 245 54223

1242 326 1295 377 B.

146 433 679 566 Su'perficialis
721 433 1194 526 informatio
1238 432 1479 561 super
1517 438 1834 533 calculo
1861 468 2222 538 (centum
2251 480 2383 542 an-

190 593 431 641 norum
460 592 577 661 pro
606 561 921 634 beneficio
957 563 1100 634 alias
1129 588 1391 638 vacante
1405 584 1515 660 per
1540 566 1802 642 obitum
1829 570 2004 643 bone
2021 578 2340 650 memorie

273 723 276 727 .
328 671 462 742 Dni
488 666 1085 740 HinriciWasmodi
1105 669 1171 739 in
1192 669 1444 742 ecclesia
1465 677 1519 743 S.
1534 679 1690 770 petri
1704 675 2203 776 hamburgensis,

147 817 465 996 Fundatio
490 818 608 868 illius
633 818 851 866 beneficii
876 817 999 868 facta
1035 818 1100 867 est
1123 835 1250 869 anno
1277 821 1360 870 dni
1392 826 1532 884 1376.
1570 827 1792 876 Mortuus
1827 828 1894 877 est
1917 838 2077 878 autem
2112 831 2260 880 dicius
2295 832 2386 882 Dn.

302 888 522 938 Hinricus
547 902 674 935 anno
699 884 912 949 ejusdem
944 896 1084 950 1498.
1106 888 1165 936 de
1188 889 1348 938 mense
1372 891 1632 954 decembri,
1655 897 1733 946 ubi
1755 905 1890 961 patet
1905 898 2114 961 excessus
2136 901 2292 950 XXII.
2309 917 2385 951 an-

300 971 471 1005 norum
498 953 618 1003 vltra
645 955 990 1025 centenarium.

281 1044 373 1090 Sed
396 1040 609 1088 decursus
634 1039 749 1087 illius
772 1038 924 1087 fatalis
961 1041 1223 1089 centenarii
1249 1058 1336 1106 pro
1362 1045 1533 1108 Juratis
1564 1046 1759 1095 ecclesie
1781 1054 2059 1115 computari
2089 1053 2234 1100 debet
2259 1052 2387 1112 asdie

154 1111 313 1159 obitus
335 1109 597 1156 fundatoris
619 1123 716 1154 non
740 1106 767 1153 ἐι
790 1116 1008 1172 tempore
1042 1108 1349 1159 fundationis.
1421 1110 1574 1176 Ajunt
1604 1124 1766 1163 autern
1790 1118 1868 1180 qui
1892 1124 2084 1167 rumore
2120 1122 2167 1168 id
2192 1137 2391 1187 accepe-

148 1185 275 1226 runt.
345 1177 462 1223 Eum
486 1173 590 1239 post
612 1174 941 1222 fundationem
955 1175 1106 1223 multo
1135 1184 1354 1241 tempore
1371 1181 1533 1229 vixisse
1557 1184 1604 1231 ὅ(
1627 1183 1761 1242 valde
1783 1188 1914 1233 annis
1938 1187 2213 1236 confed‘cum
2247 1190 2315 1236 Ita
2338 1195 2392 1238 ut

149 1245 293 1310 vsque
316 1246 372 1292 ad
396 1239 804 1307 decrepitudinem
826 1243 1103 1307 processerit
1126 1246 1255 1293 vnde
1280 1247 1526 1297 verisimile
1549 1250 1613 1298 est
1632 1253 1838 1301 eundem
1853 1253 1976 1304 illam
1991 1255 2219 1305 summam
2232 1257 2388 1306 XXII.

149 1327 390 1361 annorum
413 1304 754 1375 ‘supergressum
783 1310 873 1357 effe
897 1309 1000 1374 post
1024 1311 1200 1360 editam
1225 1314 1579 1366 fundationem.

281 1379 373 1427 Cui
399 1386 684 1442 argumento
706 1376 797 1426 effe
823 1377 978 1441 potest
997 1377 1108 1425 illud
1137 1383 1324 1443 quodin
1340 1383 1557 1448 Registro
1570 1384 1696 1434 dicte
1711 1386 1904 1436 ecclesie
1918 1389 2098 1455 S.petri
2122 1389 2245 1438 clare
2258 1406 2392 1440 com·
2452 1395 2453 1403 ’

151 1447 346 1513 peritur,
385 1447 463 1494 vbi
487 1444 656 1508 legitur
679 1446 795 1492 obiit
807 1446 1049 1511 johannes
1066 1447 1399 1513 Wintepper‚
1436 1451 1528 1511 (ita
1550 1455 1677 1503 enim
1699 1453 1963 1520 appellatus
1987 1457 2076 1519 est)
2099 1458 2200 1522 ipso
2222 1459 2297 1507 die
2322 1459 2391 1509 vi-

154 1514 377 1564 fitationis
410 1514 555 1560 marie
598 1512 803 1575 virginis·
1976 1521 1979 1524 ⁴

281 1579 468 1629 ffestum
501 1587 661 1627 autem
696 1577 961 1627 Institutum
997 1578 1064 1627 est
1094 1579 1122 1629 a
1143 1582 1392 1632 Bonisacio
1416 1585 1499 1634 IX.
1523 1586 1783 1638 successore
1815 1590 2003 1641 Vrbani
2039 1592 2122 1641 VI.
2144 1594 2284 1642 Anno
2309 1594 2390 1644 dni

152 1657 296 1712 1389.
325 1648 583 1695 Durauerat
606 1647 746 1711 igitur
765 1646 1011 1709 celebritas
1037 1648 1156 1698 illius
1181 1650 1285 1700 festi
1310 1668 1437 1702 anno
1464 1655 1624 1703 obitus
1659 1655 1771 1706 disti
1795 1660 1876 1708 dni
1900 1660 2084 1710 Hinrici
2118 1663 2252 1709 annis
2278 1676 2388 1711 cen-

150 1726 253 1766 tum
276 1717 325 1766 <Sc
349 1717 430 1767 IX.
465 1716 557 1762 Sed
579 1713 764 1779 gestum
799 1714 989 1780 aliquod
1021 1720 1240 1767 annotari
1274 1722 1331 1767 ad
1356 1722 1482 1769 diem
1507 1716 1644 1771 istum
1677 1725 1753 1774 uel
1773 1726 1906 1775 illum
1929 1744 2047 1776 mox
2075 1728 2181 1794 post
2212 1745 2393 1779 nouam

151 1784 495 1850 institutionem
520 1783 620 1831 satis
645 1782 881 1831 insolitum
904 1785 1107 1839 Videtur»
1133 1789 1282 1854 magis
1309 1797 1467 1838 autern
1491 1790 1590 1840 fieri
1604 1793 1850 1843 consueuit
1865 1792 2005 1859 juxta
2025 1789 2393 1862 vulgatissimam

155 1853 332 1901 famam
358 1852 482 1917 apud
505 1865 671 1899 ornnes
687 1883 711 1908 ‚.
742 1850 905 1915 Qare
930 1852 1193 1916 predictam
1217 1855 1544 1906 celebritatem
1571 1861 1615 1907 b.
1638 1861 1831 1925 virginis
1844 1864 1891 1910 in
1913 1862 2000 1911 illis
2013 1865 2099 1913 IX.
2121 1867 2253 1913 annis
2268 1868 2391 1915 adeo

151 1920 394 1985 vulgatam
419 1917 510 1966 esse
545 1914 707 1982 paffim
726 1919 776 1965 In
799 1921 1020 1976 omnibus
1040 1922 1303 1970 diocefibus
1325 1940 1410 1989 per
1423 1927 2026 1986 Vniuersum,vt‘decursus
2048 1946 2204 1980 rerum
2222 1933 2391 1981 huma.

153 2004 321 2038 narum
348 2003 434 2051 per
453 1987 594 2051 ipsam
615 1984 768 2033 statim
792 1985 935 2034 literis
957 1990 1200 2037 mandauit
1225 2002 1327 2038 non'
1337 1991 1476 2040 facile
1491 1995 1773 2057 persuadent
1787 1997 2054 2047 Posuerunt
2068 2014 2184 2063 ergo
2211 1998 2389 2049 dictum

154 2050 460 2104 fundatorem
483 2054 607 2101 circa
633 2054 960 2113 centenarium
985 2054 1147 2106 obiisse
1181 2057 1232 2107 <Sc
1256 2057 1564 2108 collationem
1588 2061 1808 2114 beneficii
1838 2073 2091 2115 vacantem
2116 2067 2274 2115 adhuc
2297 2065 2390 2116 effe

153 2125 202 2172 in
229 2123 443 2170 manibus
465 2121 753 2185 Juratorum.
1251 2154 1253 2157 .
1366 2168 1375 2171 s
1465 2157 1468 2161 .
2410 2176 2421 2181 4

283 2189 508 2237 Preterea
531 2188 720 2237 Vltimus
740 2188 838 2237 eius
862 2186 1086 2252 possessor
1108 2188 1259 2239 dicius
1279 2192 1358 2244 dn.
1373 2190 1597 2244 Hinricus
1621 2195 1778 2245 solitus
1800 2205 1901 2247 erat
1926 2199 2084 2249 dicere
2105 2204 2250 2252 etiam
2282 2219 2390 2254 mea

155 2256 438 2323 tempestate
462 2256 563 2305 illos
587 2264 781 2304 centum
819 2271 970 2304 annos
993 2259 1208 2320 nondum
1239 2259 1499 2324 exspirasse.
1535 2264 1665 2312 cuius
1688 2266 1838 2314 verbo
1868 2258 1968 2315 non
2002 2268 2171 2318 leuiter
2193 2270 2391 2321 staretur

155 2325 188 2373 si
209 2329 257 2374 in
277 2325 494 2373 humanis
516 2322 631 2372 esset
666 2325 776 2372 Erat
797 2324 926 2372 enim
950 2322 1271 2375 curiofiffimus
1294 2327 1547 2393 indagator
1569 2332 1923 2399 epitaphiorum
1945 2337 2097 2401 ·Apud
2117 2338 2160 2385 S.
2183 2347 2390 2404 petrum.

70 2411 73 2413 ·
155 2393 462 2458 Epitaphium
483 2399 642 2440 autem
657 2391 919 2442 fundatoris
933 2391 1043 2441 alias
1061 2394 1314 2459 ruptum&
1338 2395 1568 2447 sublatum
1589 2414 1700 2449 cum
1726 2402 1896 2452 domus
1919 2401 1998 2452 illa
2017 2406 2170 2454 acialis
2194 2409 2391 2474 eregio-

159 2475 221 2508 ne
245 2458 462 2508 cimiterii
497 2460 773 2523 erigeretur.
2424 2465 2427 2469 ‘

290 2527 390 2575 Vbi
411 2529 613 2592 partium
637 2527 744 2591 jura
767 2526 871 2574 sunt
905 2527 1100 2575 obscura
1122 2527 1305 2595 semper
1326 2531 1583 2583 fauendum
1609 2533 1675 2584 est
1708 2537 1915 2587 debitori
1933 2539 2153 2604 ,Expedit
2183 2543 2308 2592 enim
2330 2545 2389 2593 ri-

159 2610 328 2660 gorem
354 2596 588 2643 moderari
614 2596 659 2642 in
682 2595 782 2642 iure
807 2594 855 2644 ὅ(
878 2596 1140 2658 equitatem
1162 2596 1224 2646 illi
1237 2606 1547 2665 anteponere.
1616 2603 1924 2669 Inspiciantur
1939 2607 2189 2671 qualitates
2203 2618 2390 2676 tempo-

158 2677 263 2711 rum
286 2662 334 2712 ὃς
358 2677 515 2711 mores
538 2660 825 2726 hujusmodi.
896 2662 1154 2711 Concorda
1169 2671 1387 2731 tempora
1409 2668 1458 2719 ὅ(
1482 2675 1797 2722 concordabis
1820 2674 1931 2737 Jura
1957 2683 2038 2723 aut
2064 2676 2304 2726 Canones.

196 2785 204 2793 ,
289 2729 610 2778 Prouisionem
633 2734 690 2777 de
721 2731 991 2777 huiusmodi
1026 2730 1261 2780 beneficio
1288 2733 1399 2783 dieti
1421 2736 1567 2800 Jurati
1593 2739 1673 2787 seu
1705 2741 1862 2790 vitrici
1896 2742 2090 2791 ecclesie
2113 2741 2229 2794 mihi
2271 2747 2390 2809 196)

162 2797 458 2861 prebuerunt>
489 2799 581 2845 Sed
605 2813 665 2845 ex
689 2799 822 2846 causa
857 2799 991 2846 renui
1024 2799 1172 2864 Qod
1197 2800 1226 2847 ss
1249 2801 1443 2852 collatio
1481 2803 1601 2854 illius
1633 2807 1736 2871 Jam
1757 2807 1872 2856 esset
1905 2810 2132 2859 deuoluta
2164 2814 2222 2860 ad
2245 2827 2390 2862 vene-

69 2863 72 2865 ’
161 2863 305 2911 rabile
319 2863 594 2929 Capitulum
616 2867 676 2913 de
698 2881 793 2930 quo
813 2864 985 2930 liquide
1007 2865 1256 2918 constaret.
1294 2878 1438 2935 prout
1458 2887 1558 2922 non
1580 2876 1777 2924 constat.
1814 2892 1986 2941 magna
2008 2879 2261 2928 mihiforet
2278 2895 2389 2928 con·

163 2929 358 2978 fidentia
384 2939 551 2980 contra
573 2932 677 2981 illos
703 2940 934 2999 quatenus
962 2934 1061 2982 iure
1083 2933 1162 2983 illo
1187 2939 1644 3003 recognoscerentur
1668 2944 1867 3009 desuper
1899 2945 2194 3010 interpellati.
2263 2945 2392 2998 Ceffi

165 3005 326 3047 autem
354 2998 449 3062 Juri
471 2999 548 3048 vel
573 3002 726 3064 gratie
756 3002 873 3054 mihi
894 3003 1276 3072 competenti·in
1296 3007 1514 3060 fauorem
1549 3008 1743 3062 senioris
1766 3013 1891 3064 inter
1920 3013 2168 3065 seruitores
2196 3014 2391 3065 ecclefie

237 3067 269 3114 Ι.
283 3063 463 3130 {berle
475 3067 712 3132 cibant>-
1445 3072 1537 3141 ΣΠ)
1555 3074 1584 3141 l>
1977 3120 1980 3122 >
2308 3083 2390 3150 qui
