2541 3415
585 121 860 188 &amlung
885 135 990 174 υοη
1002 117 1378 187 ῖεβαητεητέη)
1408 121 1740 192 &tifftungen
1768 143 1832 179 ιε,
2237 145 2334 197 375
2415 170 2428 184 ,
2476 163 2485 173 s

132 200 1872 229 Μ
1905 213 2334 227 -ι-----..-,..

118 247 200 294 tris
222 244 366 292 marie
398 244 469 290 Ac
493 241 744 288 beatorum
771 238 1097 288 Bartholomei
1130 237 1329 303 apostoli
1359 239 1669 289 Wentzeslai
1703 245 1752 293 ἃς
1780 246 1971 294 Adriani
2000 246 2243 293 martirum
2274 256 2331 289 ac

118 311 377 362 Katharine
400 308 590 371 virginis
610 322 699 372 pro
728 308 885 355 anime
906 306 986 355 sue
1018 323 1073 355 ac
1102 307 1463 371 progenitorum
1493 307 1542 356 &
1575 308 1932 360 benefazstorum
1966 311 2152 360 suorum
2184 310 2330 358 salute

118 379 300 428 fundari
320 377 372 425 a&
393 375 545 423 dotari
568 373 826 422 mandasset
859 375 907 424 ὅ(
937 373 1258 429 commisiflet,
1293 375 1351 422 Et
1372 374 1480 438 quia
1502 372 1612 422 diui
1644 375 1973 428 testamentarii
2002 379 2211 427 eiusdem
2245 377 2326 425 dni

116 443 343 512 johannis
367 440 599 490 testatoris
623 441 836 491 ultimam
861 443 985 507 piam
1011 443 1312 492 voluntatem
1343 442 1617 489 huiusmodi
1638 445 1839 506 exsequi.
1875 461 1929 491 ac
1963 445 2244 494 testamento
2266 444 2329 492 sa-·

116 513 333 562 tisfacere
365 511 626 572 cupientes.
713 511 784 557 Ad
814 509 1101 558 fundandam
1137 510 1397 557 dotandam
1432 509 1480 557 ὃς
1505 509 1778 572 erigendam
1810 510 2031 558 vicariam
2062 508 2330 561 huiusmodi

114 579 344 628 Redditus
366 576 683 642 infrascriptos
707 577 1079 626 irrevocabiliter
1102 574 1377 625 obtulerunt
1398 578 1551 639 primo
1567 575 1788 625 videlicet
1808 579 1974 641 viginti
1999 581 2330 641 quatuormar-

114 647 310 695 charum
346 644 576 693 Redditus
600 652 789 708 emptos
817 660 903 709 pro
929 646 1154 693 trecentis
1181 647 1348 693 marcis
1385 644 1709 707 Harnburgen.
1740 645 2039 693 denariorum
2063 647 2328 694 datiuorurn

115 717 173 763 ab
196 711 393 761 honesta
417 714 510 760 dna
529 713 814 775 Ermegarde
834 711 978 760 Heest
992 713 1070 760 dni
1095 713 1312 761 Harwici
1340 711 1483 760 Heest
1497 711 1658 760 mititis
1671 708 1795 759 (11ἃο
1810 713 1934 760 dioc.
1960 714 2112 761 vidua.
2146 727 2200 759 ac
2213 716 2329 759 duo-

114 783 198 830 bus
223 778 323 829 filiis
340 781 601 828 eorundem
625 779 848 828 videlicet
892 782 1006 840 102)
1044 780 1234 828 Ludero
1256 780 1304 829 ὃς
1328 778 1522 828 volrado
1559 780 1701 826 etiam
1725 779 1868 827 Heest
1895 780 2245 845 cognominatis
2281 780 2329 826 In

112 849 248 913 super
286 848 509 896 Redditus
533 848 610 894 sex
633 847 926 895 marcharum
952 849 1119 895 decem
1143 847 1394 895 solidorum
1429 846 1477 896 ὃ(
1511 845 1623 894 oei-0
1644 847 1942 896 denariorum
1969 850 2014 896 in
2038 846 2086 896 ὅ(
2109 848 2167 894 de
2197 847 2330 894 here·

110 917 260 978 ditate
274 917 353 963 dni
374 915 634 978 Marquarti
647 915 850 977 Screyen
866 915 1154 979 proconsulis
1170 915 1282 962 dum
1298 916 1483 963 viveret
1496 914 1821 978 Hamburgen.
1854 918 2036 979 prefate
2050 916 2173 964 dioc.
2187 921 2330 978 prout

111 985 346 1031 heraditas
371 981 465 1047 ipsa
491 982 569 1029 sita
595 981 659 1029 est
682 984 727 1030 in
752 997 878 1030 noua
902 985 1016 1030 urbe
1036 984 1159 1031 inter
1183 983 1484 1031 hereditates
1517 982 1766 1031 hermanni
1787 983 1993 1049 Kreyen.
2031 990 2222 1046 emptos
2241 996 2329 1047 pro

111 1059 304 1099 centum
326 1052 492 1097 marcis
520 1058 717 1097 monete
743 1048 981 1098 antediete
1027 1052 1141 1111 104)
1180 1051 1297 1098 item
1322 1050 1399 1098 sex
1416 1064 1678 1097 marcarum
1699 1051 1931 1100 Redditus
1954 1067 2042 1117 pro
2068 1050 2329 1114 nonaginta

107 1120 276 1167 marcis
301 1116 483 1181 prefate
508 1124 704 1164 monete
728 1115 754 1163 a
780 1117 968 1165 nicolao
991 1117 1212 1182 langhen.
1247 1118 1339 1166 ciui
1362 1117 1676 1181 hamburgen‚
1715 1117 1948 1167 soluendis
1973 1121 2032 1166 de
2058 1119 2216 1183 primis
2242 1118 2327 1165 suis

108 1186 350 1234 Redditus,
384 1199 501 1247 quos
522 1181 668 1232 habet
689 1184 735 1231 in
759 1185 937 1232 duabus
962 1184 1070 1232 casis
1093 1187 1138 1233 in
1163 1185 1317 1248 platea
1340 1186 1658 1233 communiter
1696 1190 1812 1243 105)
1844 1186 2198 1251 Reynerstxvite
2213 1200 2328 1234 nun-

106 1260 279 1318 cupata
304 1249 477 1299 fituatis
500 1259 643 1315 prout
665 1252 724 1299 de
745 1251 830 1299 hiis
854 1254 1074 1301 omnibus
1097 1252 1144 1302 ὅ(
1166 1251 1346 1315 singulis
1371 1254 1418 1300 in
1438 1251 1579 1301 literis
1604 1251 1834 1301 confeffls
1857 1253 2116 1318 &sigillatis
2142 1253 2325 1318 plenius

106 1320 325 1367 dixerunt
346 1320 582 1367 contineri
620 1320 771 1368 Nobis
792 1318 1016 1368 instanter
1050 1318 1355 1384 supplicando
1379 1326 1430 1367 ut
1455 1317 1605 1368 didos
1643 1318 1870 1367 Redditus
1891 1321 1940 1370 ὃς
1965 1324 2090 1369 bona
2115 1322 2193 1369 sub
2218 1337 2331 1385 pro·
2356 1352 2359 1354 —

106 1385 319 1436 tetrione
354 1384 660 1434 ecclesiastica
695 1393 838 1450 atque
873 1385 1025 1436 nostra
1047 1390 1276 1452 recipere.
1344 1391 1416 1435 Ac
1445 1388 1506 1434 de
1537 1385 1639 1450 ipsis
1665 1387 1944 1436 Redditibus
1980 1405 2125 1437 vnam
2159 1403 2324 1452 perpe-

42 1460 46 1465 '
106 1463 237 1503 tuam
260 1454 481 1503 vicariam
517 1453 608 1501 siue
649 1452 934 1501 beneficium
957 1453 1317 1502 ecclefiasticum
1351 1454 1443 1502 fine
1466 1468 1576 1501 cura
1601 1457 1780 1518 erigere
1810 1456 1858 1504 ὅ(
1891 1455 2088 1504 fundare
2110 1457 2324 1519 dignare-

103 1523 237 1578 mur‚'
274 1536 362 1568 nos
385 1521 527 1583 igitur
549 1521 853 1568 attendentes
879 1519 1272 1584 supplicationem
1287 1521 1559 1569 huiusmodi
1582 1520 1860 1569 foreiustam
1877 1522 2153 1571 laudabilem
2177 1524 2221 1572 ὅ(
2237 1524 2324 1571 ho-

101 1586 280 1636 nestam
318 1590 394 1635 Ac
414 1588 727 1634 deuotionem
752 1585 989 1635 di<storum
1012 1587 1474 1636 testamentariorum
1497 1587 1546 1637 ὅ(
1567 1588 1709 1636 etiam
1725 1589 1860 1651 ipsius
1886 1590 2116 1638 testatoris
2139 1606 2323 1638 recom-

101 1655 382 1705 mend21ntes
403 1655 451 1702 in
476 1655 570 1702 dno
594 1654 795 1701 eosdem
828 1654 1060 1703 Redditus
1083 1655 1141 1701 ad
1164 1655 1293 1703 usum
1319 1654 1443 1703 diste
1473 1655 1649 1704 vicarie
1674 1655 1753 1702 sub
1777 1656 2078 1721 protefflone
2113 1658 2325 1706 ecclefian

100 1723 213 1771 ssica
234 1729 376 1786 atque
396 1720 552 1769 nostra
591 1723 709 1782 106>
744 1723 791 1770 in
813 1723 1011 1771 nomine
1031 1723 1125 1770 Dni
1148 1724 1414 1787 recepimus
1433 1722 1489 1773 ὃς
1515 1722 1765 1787 recipimus
1791 1739 1873 1788 per
1900 1725 2138 1787 presentes
2175 1729 2246 1774 Ac
2264 1727 2324 1775 de

101 1790 203 1856 ipsis
226 1788 397 1839 Christi
411 1791 606 1837 nomine
631 1790 875 1838 invocato.
910 1805 1054 1838 vnam
1085 1797 1366 1855 perpetuam
1391 1791 1614 1838 vicariam
1647 1790 1736 1845 siue
1760 1791 2042 1841 beneficium
2057 1792 2321 1849 ecclefiasti-

102 1873 211 1907 cum
228 1857 325 1906 fine
341 1873 461 1924 cura
483 1859 530 1906 in
553 1855 744 1904 ecclefia
768 1855 909 1905 sanffl
933 1859 1053 1921 petri
1079 1856 1289 1922 preditia
1314 1859 1371 1906 ad
1386 1858 1530 1906 altare
1555 1858 1615 1907 sci
1633 1858 1890 1908 Wentzlai
1905 1861 2138 1909 ereximus
2159 1861 2322 1910 funda·

101 1926 254 1974 nimus
278 1924 326 1974 ὅ(
352 1923 705 1973 instaurauimus
727 1924 948 1988 erigimus
972 1924 1239 1974 fundamus,
1277 1925 1325 1975 ὅ(
1350 1925 1668 1974 instauramus.
1703 1927 1922 1980 volentes
1947 1928 1995 1979 <Sc
2017 1929 2184 1978 harum
2209 1931 2335 1980 serie,

99 1994 431 2040 decernentes.
467 2001 522 2039 ut
545 2005 604 2038 ex
626 2005 754 2038 nunc
778 1991 827 2040 &
847 1992 894 2040 in
918 1999 1072 2039 antea.
1112 1991 1393 2041 beneficium
1410 1993 1766 2042 ecclesiasticum
1793 1994 1883 2043 flue
1902 2004 2128 2061 perpetua
2148 1998 2321 2046 vicaria

101 2058 360 2107 censeatur.
427 2057 650 2105 Preterea
670 2057 881 2121 prefatus
909 2058 1005 2105 Dus
1028 2059 1271 2120 johannes
1297 2076 1511 2125 gronoW
1534 2061 1728 2110 testator
1750 2078 1837 2126 pro
1859 2064 1937 2110 lue
1962 2080 2015 2112 ac
2043 2069 2317 2129 progenito·

99 2142 204 2175 rum
230 2125 277 2175 ὅ(
300 2123 659 2173 benefa&orum
674 2123 1012 2173 antedifi'mrum
1036 2129 1266 2176 memoria
1306 2130 1422 2190 107>
1459 2129 1592 2176 dedit
1615 2129 1873 2178 &donauit
1887 2139 2091 2195 quatuor
2109 2123 2319 2180 marcha·
2365 2144 2369 2147 ’

22 2234 27 2237 ,
97 2209 203 2242 rum
227 2192 276 2242 ὅ(
298 2194 466 2240 decem
489 2191 741 2240 solidorum
777 2192 1007 2241 Redditus
1022 2194 1068 2240 in
1093 2193 1247 2242 nostra
1264 2210 1318 2242 ac
1343 2198 1536 2243 duarum
1560 2198 1854 2245 marcharum
1868 2199 2098 2247 Redditus
2117 2200 2163 2247 in
2177 2198 2318 2249 sanE'ti

97 2259 221 2326 petri
245 2258 449 2308 ecclesiis
472 2258 690 2324 prediffis
714 2274 849 2308 more
881 2259 1016 2309 solito
1041 2260 1396 2310 distribuendos.
1467 2265 1603 2328 Qos
1640 2264 1827 2327 quidem
1853 2265 2084 2315 Redditus
2116 2275 2317 2332 quatuor

96 2328 398 2376 marcharum
421 2327 470 2376 δε
498 2327 666 2375 decem
711 2326 963 2376 solidorum
1000 2344 1053 2376 ac
1078 2330 1279 2377 duorum
1310 2331 1605 2380 marcharum
1629 2332 1846 2382 Vicarius
1879 2332 2163 2385 anteditihm
2195 2336 2316 2385 vica-

97 2395 213 2443 riam
240 2409 326 2458 pro
354 2402 571 2458 tempore
597 2394 818 2443 obtinens
840 2396 898 2441 de
923 2398 1142 2444 omnibus
1169 2398 1377 2444 eiusdem
1402 2399 1575 2447 vicarie
1596 2401 1874 2451 Redditibus
1899 2404 2028 2451 omni
2051 2405 2233 2453 annoin
2247 2405 2313 2453 fe-

96 2461 167 2510 sto
192 2461 491 2527 pentecostes
516 2462 703 2510 realiter
727 2462 907 2509 soluere
930 2464 1123 2512 debebit
1155 2465 1343 2529 Insuper
1367 2467 1493 2514 idem
1515 2469 1712 2516 vicarius
1747 2471 1823 2534 qui
1850 2487 1937 2535 pro
1960 2479 2180 2535 tempore
2206 2488 2312 2520 ean-

98 2531 207 2578 dem
230 2529 454 2578 vicariam
479 2528 734 2593 possederit
763 2530 932 2578 diuinis
960 2529 1126 2580 officiis
1155 2532 1202 2579 in
1225 2531 1348 2581 dieta
1383 2533 1573 2583 ecclefia
1597 2535 1736 2584 sanciti
1761 2539 1882 2602 petri
1918 2541 1974 2587 ad
1995 2555 2177 2587 morem
2202 2540 2311 2587 alio·
2334 2576 2335 2581 ,

97 2611 200 2645 rum
221 2598 505 2646 vicariorum
528 2598 702 2645 ibidem
729 2612 835 2645 cum
857 2597 1086 2661 religione
1110 2600 1325 2664 intererit
1348 2600 1396 2650 ὅ(
1424 2602 1567 2650 nichil
1603 2604 1649 2651 in
1681 2602 1992 2668 prejudicium
2036 2610 2152 2667 108)
2188 2608 2311 2655 vice·

99 2663 290 2714 refitoris
314 2665 526 2713 eiusdem
552 2664 883 2729 attemptabit,
921 2665 1115 2730 singulas
1142 2667 1406 2722 oblationes
1431 2670 1584 2718 eidem
1604 2672 1933 2736 presentando.
2003 2674 2229 2724 Ceterum
2251 2690 2311 2722 ex

103 2733 249 2794 gratia
289 2735 404 2794 109)
439 2732 486 2782 <Sc
506 2732 669 2780 fauore
694 2731 877 2797 speciali
906 2734 1096 2796 prefatis
1120 2735 1223 2782 dnis
1246 2732 1450 2800 Johanni
1472 2737 1752 2789 Hermanno
1775 2741 2041 2805 &johanni
2063 2759 2116 2791 ac
2136 2741 2308 2791 Ludol-

100 2799 199 2861 pho
223 2797 383 2863 Layco
408 2799 762 2849 testamentariis
787 2801 883 2848 hoc
908 2800 1145 2850 humiliter
1166 2805 1439 2867 petentibus
1461 2815 1542 2854 aut
1565 2805 1696 2857 alteri
1716 2823 1884 2857 eorum
1900 2809 2123 2875 superstiti
2148 2826 2307 2874 quam-

101 2863 180 2911 diu
202 2865 404 2916 vixerint
426 2868 502 2916 seu
526 2869 696 2918 vixerit
730 2871 805 2916 Ac
825 2867 929 2932 ipsis
953 2870 1170 2918 omnibus
1194 2872 1427 2922 demedio
1452 2873 1635 2924 sublatis
1659 2877 1931 2926 Senioribus
1954 2879 2149 2927 Vicario
2171 2879 2309 2942 &Ju-

70 2932 204 2982 'rato
225 2932 276 2986 in
295 2934 457 2987 ordine
481 2937 531 2990 in
552 2934 675 2989 dista
708 2935 902 2988 ecclefia
933 2935 1075 2990 sanffl
1096 2940 1220 3005 petri
1247 2941 1325 3007 qui
1359 2957 1449 3008 pro
1483 2949 1704 3010 tempore
1737 2945 1915 2999 fuerint
1948 2945 2304 3012 Juspatronatus

2212 3014 2304 3064 fiue
