2541 3415
327 189 518 260 'ffiinige
538 198 652 245 3nm
671 183 978 246 Btobbcmse
990 184 1126 234 bever
1135 182 1381 236 Dicat-ieri
1390 179 1625 251 gebsstige
1639 188 1945 253 &cbriffim
2199 204 2260 253 27
2273 209 2290 241 1

145 311 225 373 qui
247 308 376 354 dedit
396 307 453 351 ad
479 303 654 351 lumina
679 302 727 350 ὅ(
752 315 898 365 panes
910 297 1212 349 Vicariorum
1234 302 1369 348 unius
1393 314 1561 346 marcae
1575 303 1813 363 redditus;
1849 307 1904 352 Et
1917 310 1975 351 de
1998 308 2099 370 post
2125 308 2188 355 sui
2205 308 2298 354 Te-

143 372 425 424 stamentarii
449 371 682 422 dederunt
705 369 871 431 viginti
893 367 1006 416 octo
1030 381 1210 414 marcas
1235 366 1554 414 denariorum.

78 457 221 506 1431.
287 440 405 486 Item
430 441 574 484 Anno
598 438 653 483 D.
682 435 917 483 tricesimo
941 436 1096 499 primo
1119 434 1238 482 obiit
1260 435 1492 482 Dominus
1531 432 1750 498 Magister
1782 434 2016 486 Henricus
2054 439 2298 489 Gheisma-

136 511 203 558 ria
223 503 406 554 Dot’oer
426 503 697 567 Theologie
714 501 760 551 ὅ(
784 500 960 551 [εᾶοτ
982 497 1119 565 hujus
1148 500 1376 557 Ecclefiae,
1398 498 1498 563 ejus
1520 501 1878 550 Testamentarii
1902 505 2132 556 dederunt
2156 509 2291 556 unius

140 588 310 623 marcae
335 573 543 620 redditus
568 572 626 618 ad
651 571 828 619 lumina
852 570 971 619 &ad
999 583 1145 632 panes
1167 568 1490 619 Vicariorum.

76 656 218 703 1435.
287 641 404 687 Item
432 638 573 686 Circa
599 653 775 685 annum
800 638 855 685 D.
881 636 1163 684 tricesimum
1195 636 1412 699 quintum
1438 634 1556 683 obiit
1580 635 1813 683 Dominus
1836 634 2002 684 Paulus
2016 638 2075 685 de
2090 640 2297 690 Gerszen

46 737 49 740 <
77 724 81 730 ·
138 705 278 770 hujus
301 705 514 754 Ecclefiae
538 706 743 752 summus
768 705 1011 761 Vicariu8‚
1036 703 1113 767 qui
1139 703 1269 750 dedit
1290 702 1344 752 ὃς·
1363 700 1608 766 affignavit
1639 703 1696 749 ad
1721 717 2002 751 communes
2028 705 2128 754 usus
2155 708 2298 756 Vica-

138 777 346 830 riorum,
369 773 418 822 ὅ(
442 774 695 837 praesertim
719 772 778 818 ad
800 771 976 818 lumina
998 771 1297 826 eorumdem,
1325 785 1425 833 quae
1454 769 1605 817 solent
1628 770 1725 817 dari
1748 770 1796 819 &
1821 769 2028 821 distribui
2049 774 2094 820 in
2110 774 2184 820 die
2211 789 2296 837 pu·

136 841 411 891 rificationiS
447 841 603 889 Mariae
630 840 886 888 duodecim
915 853 1178 896 marcarum
1202 838 1409 886 redditus
1425 867 1440 893 ,
1462 843 1515 884 ut
1536 836 1585 885 in
1608 836 1894 887 Kalendario
1929 840 2294 892 circumcisionis

150 909 362 957 Domini.

198 977 319 1023 Item
346 976 470 1022 circa
492 969 660 1022 eadem
684 980 904 1039 tempora
926 973 1045 1021 obiit
1067 973 1299 1020 Martinus
1313 968 1563 1018 Goltbeke
1578 970 1708 1026 ciuis,
1730 969 2094 1037 Hamburgensis
2109 990 2197 1039 pro
2215 990 2294 1023 cu-

128 1043 209 1108 jus
234 1043 280 1091 ὅ(
298 1041 454 1089 Hillen
476 1042 636 1089 uxoris
658 1043 746 1089 suae
768 1041 999 1089 memoria
1018 1040 1252 1087 Dominus
1275 1039 1519 1102 Johannes
1541 1037 1902 1088 Wadenkathe
1934 1042 2067 1089 dedit
2091 1051 2296 1106 quatuor

137 1125 402 1157 marcarum
431 1110 640 1155 redditus
665 1110 723 1155 ad
754 1108 930 1155 lumina
965 1107 1014 1155 ὅ(
1038 1122 1181 1170 panes
1205 1106 1526 1153 Vicariorum.

73 1190 218 1241 1440.
291 1177 410 1222 Item
436 1187 563 1221 anno
587 1175 643 1221 D.
667 1174 1025 1238 quadragefimo
1046 1175 1164 1221 obiit
1187 1174 1491 1220 Hei-mannus
1513 1172 1573 1218 de
1594 1171 1800 1221 Hamme
1823 1170 1961 1237 hujus
1985 1174 2196 1225 Ecclesiae
2212 1177 2297 1227 Vi-

135 1245 285 1291 carius
309 1243 386 1305 qui
412 1242 544 1289 dedit
569 1243 808 1305 sexaginta
831 1255 1013 1288 marcas
1038 1241 1338 1288 denariorum
1361 1241 1419 1287 ad
1445 1253 1590 1300 panes
1613 1238 1932 1291 Vicariorum.
2220 1293 2223 1295 ,

199 1312 344 1357 Anno
382 1309 440 1355 D.
464 1307 818 1372 quadragesimo
848 1309 967 1355 obiit
1007 1308 1152 1354 Dom:
1176 1309 1390 1354 Andreas
1419 1305 1753 1370 Wakendorp
1794 1311 1873 1372 qui
1916 1311 2047 1359 dedit
2090 1312 2295 1361 sedecim

131 1391 399 1426 marcarum
423 1376 635 1436 redditus
657 1377 714 1422 ad
738 1375 946 1424 diVersos
970 1373 1072 1422 usus
1097 1375 1406 1428 vicariorum,
1444 1379 1496 1420 ut
1519 1378 1652 1435 patet
1673 1374 1721 1421 in
1742 1373 1936 1438 registro
1957 1377 2075 1426 folio
2102 1380 2294 1429 decimo

133 1459 269 1492 nono
294 1443 341 1492 δι
369 1441 655 1506 sexagesimo
692 1442 842 1490 sexto.

2 1574 7 1578 s
71 1518 216 1576 1448.
287 1513 434 1557 Anno
456 1508 810 1573 quadragesimo
837 1506 1013 1556 o&avo
1038 1507 1157 1556 obiit
1168 1509 1449 1555 Wernerus
1471 1505 1614 1552 Kiisel
1638 1506 1716 1569 qui
1737 1507 1868 1557 dedit
1889 1511 1946 1557 ad
1971 1509 2146 1560 Iumina
2171 1512 2292 1563 &ad

130 1591 280 1643 panes
303 1575 605 1624 Vicariorum
619 1575 799 1640 septem
825 1589 1089 1623 marcarum
1111 1575 1333 1623 redditus.
1406 1574 1536 1621 Idem
1549 1572 1782 1621 Dominus
1797 1576 1929 1625 dedit
1952 1579 2095 1626 etiam
2109 1595 2290 1631 novem

129 1657 398 1701 marcarum
424 1643 616 1690 reditus.
1093 1697 1096 1698 ⁷

201 1711 383 1759 Eodem
407 1725 536 1756 anno
557 1710 651 1758 Dni
664 1709 1019 1773 quadragefimo
1033 1707 1206 1758 ottavo
1234 1707 1353 1756 obiit
1375 1704 1477 1770 ipso
1489 1706 1564 1753 die
1574 1706 1618 1753 S.
1636 1707 1796 1772 Magni
1809 1709 2001 1758 Timmo
2015 1712 2294 1763 Hummers-

131 1779 283 1828 biittel
301 1775 439 1840 hujus
461 1776 670 1825 Ecclefiae
686 1777 922 1836 Vicarius,
946 1777 1025 1842 qui
1050 1778 1181 1825 dedit
1199 1791 1347 1825 unum
1370 1781 1603 1822 craterem
1627 1763 1904 1840 argenteum
1924 1779 1983 1826 de
1998 1781 2169 1845 viginti
2183 1798 2294 1847 qua-

129 1853 241 1896 tuor
273 1845 428 1893 untiis.
2122 1850 2132 1853 s

132 1963 139 1965 ,
201 1914 332 1961 Idem
355 1913 448 1961 Dn.
466 1911 598 1959 dedit
619 1913 764 1961 etiam
778 1913 920 1960 trium
945 1926 1209 1960 marcarum
1230 1910 1440 1958 redditus
1457 1911 1515 1957 ad
1536 1909 1711 1958 lumina
1735 1910 1783 1961 ὅ(
1805 1927 1949 1975 panes
1970 1913 2291 1967 Vicariorum.

197 1981 379 2030 Eodem
419 1989 549 2026 anno
572 1980 804 2027 videlicet
838 1980 1191 2043 quadragelimo
1226 1977 1399 2025 octavo
1432 1978 1550 2025 obiit
1577 1979 1668 2025 Dn.
1695 1980 1919 2028 Nicolaus
1949 1980 2115 2046 Roper
2150 1983 2290 2048 hujus

125 2045 338 2096 Ecclefiae
351 2044 733 2108 Vicarius‚cujus
762 2047 1119 2094 Testamentarii
1153 2043 1437 2109 affignarunt
1456 2045 1626 2109 viginti
1657 2048 1791 2094 unius
1816 2050 2116 2098 marcarum*
2133 2053 2287 2101 reddi-

130 2121 207 2162 tur
230 2115 288 2160 ad
306 2112 512 2161 diversos
538 2113 639 2159 usus
664 2121 718 2160 ut
742 2122 874 2176 patet
895 2116 942 2161 in
968 2113 1253 2160 Calendario
1281 2112 1540 2176 penultima
1571 2113 1848 2161 decembris.

69 2195 215 2244 1449.
284 2183 427 2227 Anno
450 2181 504 2227 D.
525 2179 878 2243 quadragefimo
906 2195 1040 2229 nono
1062 2180 1180 2228 obiit
1201 2180 1294 2227 Dn.
1318 2179 1573 2226 Fridericus
1596 2179 1738 2226 Kock
1759 2178 1895 2244 hujus
1920 2183 2130 2233 Ecclefiae
2144 2185 2286 2237 Vica-

135 2248 311 2302 cariuS,
335 2248 412 2312 qui
437 2248 567 2294 dedit
591 2248 646 2292 ad
672 2248 773 2294 ulus
806 2248 1106 2295 Vicariorum
1141 2247 1246 2295 vasa
1280 2255 1506 2309 argentea
1539 2245 1658 2293 infra
1683 2246 1852 2311 scripta
1883 2250 2107 2302 videlicet
2138 2268 2285 2307 unum

129 2323 361 2364 craterem
388 2315 644 2361 habentem
658 2316 705 2361 in
723 2316 936 2376 pondere
952 2316 1115 2379 viginti
1129 2316 1240 2362 duas
1253 2314 1425 2360 uncias.

198 2383 316 2429 Item
341 2380 577 2427 scutellam
605 2391 879 2443 argenteam
908 2384 1254 2446 ponderantem
1276 2380 1443 2443 viginti
1464 2380 1540 2426 sex
1561 2381 1729 2429 untias.
1812 2383 1945 2432 Nota
1968 2389 2094 2450 quod
2111 2388 2283 2453 'praedi-

127 2448 204 2566 {ta
227 2447 415 2561 Γειῗὲεῌει
438 2446 503 2493 est
540 2456 722 2495 mutata
748 2465 834 2512 pro
859 2464 957 2496 uno
988 2456 1195 2507 cratere,
1233 2448 1310 2511 qui
1342 2446 1491 2494 modo
1522 2447 1724 2498 habetur
1754 2453 1880 2515 apud
1918 2453 2135 2504 Vicarios
2169 2457 2281 2507 Ioco

151 2524 259 2566 cute
296 2530 345 2563 ατ.

190 2586 313 2632 Item
328 2581 583 2630 duodecim
596 2580 862 2630 cochlearia
876 2575 1101 2645 argentea
1113 2580 1336 2630 habentia
1348 2581 1395 2630 in
1408 2583 1623 2647 pondere
1636 2584 1805 2650 viginti
1819 2587 1931 2637 duas
1944 2589 2099 2639 untias
2112 2589 2277 2642 &duas

129 2653 328 2718 quentin
355 2660 407 2697 ut
430 2649 588 2713 vulgo.

69 2733 209 2782 1451.
278 2719 398 2764 Item
436 2720 578 2764 Anno
608 2717 663 2762 D.
690 2716 932 2764 millesimo
958 2715 1421 2781 quadringentesimo
1449 2719 1833 2785 quinquagesimo
1858 2725 2011 2788 primo
2045 2727 2162 2775 obiit
2184 2728 2275 2776 Dn.

131 2785 337 2834 Michael
361 2784 507 2832 Kruse
536 2781 670 2848 hujus
695 2783 902 2831 Ecclefiae
925 2784 1141 2831 Vicarius
1156 2812 1171 2840 5
1213 2786 1289 2848 qui
1312 2785 1441 2832 dedit
1464 2787 1671 2851 quinque
1694 2805 1956 2840 marcarum
1979 2795 2188 2843 redditus
2211 2797 2277 2842 di.

130 2852 426 2901 stribuendos
450 2854 687 2916 aequaliter
711 2856 756 2899 ἰη
781 2853 932 2898 choro
956 2850 1296 2914 Hamburgenfi
1326 2851 1424 2917 ipso
1445 2854 1522 2902 die
1551 2855 1776 2918 Johannis
1811 2867 1922 2907 ante
1955 2867 2140 2924 portam
2172 2861 2273 2909 lati-

91 2943 94 2946 ·
129 2936 240 2969 nam
264 2922 319 2966 ad
339 2918 641 2984 sequentiam
664 2919 855 2970 cuilibet
876 2922 1046 2988 decem
1065 2919 1311 2981 denarios,
1334 2918 1565 2977 refiduum
1583 2925 1845 2980 reservetur
1868 2928 1925 2978 ad
1944 2927 2121 2980 Iumina
2144 2928 2193 2978 ὅς
2213 2931 2272 2979 ad

135 3002 284 3054 panes
310 2987 622 3043 vicariorum.
1613 2990 1650 2995 ““
1741 2992 1746 2995 ’

2090 3065 2271 3117 Eodem

271 3140 293 3166 ⁸*
318 3143 401 3181 Haec
434 3141 478 3181 ad
512 3140 692 3200 laeptofos‚'
