2541 3415
635 106 909 172 &ammian
929 119 1035 167 von
1062 104 1429 172 OEestamenten„
1451 107 1783 178 &tiffiungcn
1817 129 1879 166 tc.
2271 127 2398 176 359».

154 197 720 336 ἆ-ῨΥΜΜΟΝῙΒ
746 221 1067 337 BoYTm
1105 214 1305 305 civis
1332 214 1621 338 Hamb.
1668 220 2031 311 Donatio
2055 254 2366 326 annuo-

243 358 394 403 rum
417 330 597 401 unius
622 354 854 400 marcae
894 328 1263 417 reddituum
1288 328 1369 398 ad
1400 326 1709 399 fabricam
1751 332 1790 398 s
1824 333 2209 408 structuram
2237 342 2279 406 s.

387 431 389 433 ’
592 421 751 490 Petri
779 427 891 490 An„
910 441 1107 512 1400.
1133 418 1189 489 d.
1217 441 1272 510 ς.
1295 426 1455 518 Aug.
1501 423 1604 509 (ex
1626 418 1931 512 authent.)

217 553 247 586 n
271 536 462 585 nomine
487 534 577 582 Dni
599 548 753 582 amen.
803 536 949 583 Anno
971 531 1229 580 natiuitatis
1253 529 1467 595 ejusdem
1491 531 1740 581 Millesimo
1783 533 2257 599 Qadringentesimo
2291 543 2369 592 Ino'

150 529 213 706 Ι
249 603 454 653 όίᾶὶῐοηε
487 606 575 663 48)
613 599 781 650 οᾶειυει
803 604 929 649 sexta
950 601 1027 648 die
1051 600 1220 648 mensis
1243 597 1438 664 Augusti
1462 600 1583 667 hora
1605 601 1695 661 46)
1733 600 2037 665 vesperorum
2057 603 2132 652 uel
2156 608 2278 670 quasi
2307 622 2367 668 50

247 668 522 720 Sanffiffimi
543 670 591 717 in
614 668 804 716 Christo
830 670 972 733 patris
994 667 1042 717 ἀ
1079 667 1172 716 Dni
1195 665 1336 716 nostri
1362 668 1456 716 Dni
1489 668 1719 716 Bonifacii
1753 669 1911 717 diuina
1945 671 2242 734 prouidentia
2285 679 2369 738 5¹)

149 748 272 803 pape
297 740 412 785 noni
433 753 561 786 anno
587 737 890 802 quindecimo
922 736 969 783 in
992 735 1086 783 mei
1118 735 1289 783 notarii
1312 734 1486 799 publici
1510 735 1559 785 &
1584 734 1770 784 testium
1787 737 2167 803 'ssibscriptorum
2191 742 2249 788 ad
2272 742 2370 790 hoc

148 804 411 870 specialiter
449 808 533 865 51)
571 812 852 853 vocatorum
885 802 1118 868 presentia
1147 801 1454 867 personaliter
1490 802 1772 852 constitutus
1807 804 2030 854 discretus
2057 810 2130 856 vir
2161 807 2370 873 Tymmo

145 870 461 937 Boytin‘ciuis
482 873 794 936 ham'burgen.
823 869 1078 918 Bremensis
1102 869 1297 919 diocesis
1341 872 1427 933 53)
1462 870 1632 921 volens
1668 873 1827 920 anime
1851 872 1928 921 sue
1953 872 2082 922 saluti
2119 877 2372 940 prouidere

143 940 396 989 liberaliter
416 940 462 989 ὅ(
486 939 656 1005 sponte
682 940 943 1004 donatione
974 938 1268 986 irreuocabili
1305 937 1356 988 ὅ(
1395 948 1638 1004 perpetua?
1661 940 1792 988 dedit
1820 940 2020 990 donavit
2051 941 2100 993 ὅ(
2124 941 2369 1008 affignauit

142 1009 353 1056 redditus
376 1008 513 1055 unius
538 1020 695 1055 marce
714 1013 903 1070 emptos
927 1021 1014 1070 pro
1039 1005 1307 1071 quindecim
1338 1007 1833 1056 marcisdenariorum
1858 1009 2184 1075 Hamburgen.
2209 1014 2256 1061 in
2283 1014 2372 1061 do-

143 1086 226 1124 mo
248 1074 296 1125 ὃς
319 1075 584 1123 hereditate
618 1071 850 1139 heynonis
872 1075 1124 1139 hoppener
1147 1075 1262 1122 civis
1286 1075 1596 1139 hamburgen.
1612 1074 1753 1123 sitain
1775 1076 2044 1125 hamborch
2066 1079 2193 1126 iuxta
2209 1080 2370 1129 forum

144 1156 377 1206 equorum
421 1143 504 1202 54)
541 1144 664 1189 inter
684 1145 854 1189 domus
887 1141 1043 1189 Alardi
1075 1140 1461 1191 Wellenwe-uer
1494 1144 1554 1191 ab
1579 1157 1676 1193 vno
1702 1141 1851 1192 latere
1890 1146 1972 1206 55)
2019 1146 2175 1195 versus
2208 1147 2370 1197 orien-

141 1216 242 1258 tem
264 1208 313 1259 &
338 1209 502 1258 hinrici
526 1207 760 1257 osterueld
784 1210 843 1256 ab
868 1208 960 1257 alio
981 1208 1126 1258 latere
1150 1210 1307 1258 versus
1332 1211 1640 1259 occidentem
1660 1210 1720 1258 ad
1739 1211 1966 1260 fabricam
1990 1212 2068 1263 seu
2090 1212 2369 1264 stru&uram

142 1267 336 1325 ecclesie
361 1275 500 1325 sanffi
528 1278 648 1342 petri
673 1274 984 1342 Hamburgen
1009 1278 1073 1325 ob
1098 1279 1252 1326 anime
1275 1277 1353 1325 sue
1377 1292 1467 1326 nec
1490 1294 1589 1325 non
1615 1286 1864 1343 parentum
1887 1279 1938 1329 ἀ
1982 1282 2068 1343 57)
2103 1281 2395 1333 amicorum·

143 1335 333 1392 suorum
358 1343 531 1392 salubre
565 1345 861 1393 medicamen
894 1353 1127 1410 perpetue
1157 1345 1489 1411 permansuros
1522 1346 1569 1393 Si
1590 1359 1706 1394 vero
1744 1348 1828 1406 58)
1863 1346 1974 1396 dieti
2003 1350 2218 1398 redditus
2241 1349 2367 1399 futu-

139 1412 200 1460 ris
247 1416 329 1473 59)
361 1413 655 1476 temporibus
676 1415 821 1461 reemi
845 1413 1148 1476 contingeret
1170 1427 1230 1461 ex
1256 1421 1370 1461 tunc
1392 1413 1596 1478 pecunie
1619 1413 1792 1462 exinde
1815 1417 2154 1479 prouenientes
2177 1417 2225 1465 in
2249 1416 2366 1468 alios

139 1488 299 1527 certos
339 1481 422 1537 60)
452 1480 660 1526 redditus
694 1481 751 1526 ad
772 1480 874 1527 vsus
905 1478 1142 1544 predi&os
1175 1488 1408 1544 perpetue
1441 1482 1792 1545 permanendos
1830 1482 2002 1530 iterum
2040 1485 2130 1546 61)
2163 1499 2365 1534 conver-

138 1553 298 1594 tantur
314 1544 547 1593 „Pte-fatus
569 1554 728 1592 autem
751 1545 946 1598 Timmo
979 1561 1038 1593 ne
1052 1546 1198 1611 ipsum
1222 1546 1300 1595 uel
1322 1562 1519 1596 vxorem
1553 1547 1678 1595 suam
1708 1548 2006 1598 Mechtildim
2040 1559 2239 1617 propter
2273 1555 2364 1615 62)

120 1613 308 1665 ‚virium
333 1612 513 1660 suarum
543 1613 668 1661 forte
698 1610 1051 1662 destitutionem
1080 1612 1157 1661 uel
1180 1612 1378 1662 alio'rum
1411 1614 1772 1678 inopinatorum
1805 1616 1992 1664 casuum
2015 1617 2365 1670 imminentiam

137 1680 341 1745 aliquam
363 1679 578 1728 sustinere
598 1681 849 1744 contingat
870 1681 1085 1746 inopiam
1119 1681 1392 1730 huiusmodi
1424 1685 1512 1742 64)
1554 1681 1767 1730 redditus
1789 1684 1848 1731 ad
1876 1682 2210 1734 sustentionem
2235 1686 2364 1752 stiam

138 1756 359 1811 tempora
381 1748 486 1795 vitae
510 1746 712 1812 ipsorum
744 1748 792 1797 ὅ(
821 1763 989 1796 eorum
1013 1747 1262 1798 cuiuslibet
1298 1750 1387 1809 65)
1417 1748 1564 1798 libere
1597 1748 1860 1816 reseruauit*
1889 1753 1980 1815 66)
2011 1752 2163 1819 Super
2195 1755 2363 1819 quibus

137 1815 357 1862 omnibus
382 1814 428 1864 ὅ(
455 1813 639 1879 singulis
675 1816 762 1876 67)
800 1812 1027 1881 premissis
1050 1817 1238 1881 presens
1270 1816 1520 1883 conscripsi
1555 1815 1795 1881 publicum
1820 1817 2183 1870 instrumentum
2205 1823 2362 1888 requi-

137 1881 260 1932 situs,
329 1880 453 1943 Aeta,
474 1881 579 1930 sunt
600 1881 693 1930 hec
712 1882 995 1931 Hamborch
1014 1885 1061 1931 in
1087 1884 1324 1934 cimiterio
1360 1884 1554 1934 ecclesie
1589 1882 1732 1933 sanffl
1751 1886 1871 1950 petri
1897 1885 2110 1951 predi&e
2130 1889 2208 1938 sub
2234 1906 2360 1939 anno

137 1947 395 1999 indifflone
419 1948 580 1996 Mense
602 1950 677 1996 die
704 1950 820 1998 hora
844 1949 1186 2014 &pontificatu
1225 1954 1314 2014 68)
1348 1952 1515 2019 quibus
1540 1951 1674 2016 supra
1710 1954 1800 2013 69)
1836 1952 2132 2015 Presentibus
2153 1956 2361 2008 discretis

135 2016 185 2066 ὅ(
211 2014 417 2063 honestis
450 2017 542 2076 70)
578 2016 686 2065 viris
714 2017 825 2064 Dnis
838 2017 1383 2082 WerneroGherbode
1406 2027 1642 2084 perpetuo
1677 2021 1856 2071 vicario
1880 2021 2075 2070 ecclesie
2096 2026 2149 2072 sti
2172 2024 2358 2074 Nicolai

133 2083 183 2132 ὃς
205 2083 414 2130 Martino
450 2082 650 2146 Bischop
684 2085 949 2147 presbitero
981 2082 1210 2134 officianti
1239 2086 1286 2134 in
1324 2086 1518 2135 ecclesia
1551 2086 1604 2133 sti
1623 2086 1804 2149 Jacobi.
1842 2098 1932 2136 nec
1968 2104 2067 2136 non
2096 2090 2356 2141 Haffekino

132 2150 433 2213 Todendorp
458 2149 504 2198 ὅ(
528 2148 713 2198 nicolao
737 2151 923 2217 vroling
945 2153 1128 2200 ciuibus
1150 2154 1447 2219 hamburgen
1462 2152 1651 2202 testibus
1665 2149 1722 2201 a'd
1738 2153 1952 2217 premissa
1971 2159 2157 2206 vocatis
2184 2158 2358 2224 specia-

131 2215 238 2266 liter
272 2218 365 2279 71)
398 2217 446 2268 δ’(
470 2217 684 2282 Rogatis·
1529 2236 1584 2284 Et
1609 2250 1702 2299 ego
1714 2236 1991 2288 Wilkinius
2013 2239 2202 2291 Cuterd
2225 2242 2356 2292 cleri-

1527 2318 1608 2352 cus
1632 2304 1848 2353 Bremen.
1873 2307 2000 2356 dioc.
2029 2308 2251 2374 publicus
2267 2312 2355 2366 Im-

1528 2372 1689 2434 periali
1713 2371 1994 2424 auEtoritate
2016 2378 2106 2438 72)
2144 2380 2354 2428 notarius

1526 2439 1796 2489 huiusmodi
1820 2438 2069 2492 donationi
2090 2444 2139 2495 ὅ(
2159 2444 2353 2512 assigua-

1477 2539 1481 2546 -
1526 2506 1646 2554 tioni
1679 2522 1733 2557 ae
1773 2507 2078 2559 reseruationi
2109 2515 2352 2562 omnibus-

1475 2588 1478 2590 *
1526 2589 1618 2638 que
1633 2575 1728 2625 aliis
1741 2575 1788 2626 ὅ(
1801 2576 1983 2642 singulis
1996 2578 2221 2644 premissis
2236 2583 2349 2630 dum

1525 2641 1584 2690 sic
1606 2649 1662 2706 ut⁴
1680 2646 1968 2709 premittitur
1995 2645 2164 2696 fierent
2185 2649 2279 2697 vidi
2301 2640 2348 2700 δι

1523 2711 1678 2760 audiui
1714 2713 1826 2760 Ideo
1854 2713 1951 2762 hoc
1984 2715 2170 2780 presens
2195 2715 2345 2780 publi·

1524 2792 1632 2826 cum
1658 2777 2023 2829 Instrumentum
2041 2781 2169 2847 signo
2192 2783 2239 2832 ὅ(
2259 2799 2345 2831 no-

1539 2847 1650 2894 nine
1672 2847 1788 2895 meis
1817 2847 1957 2896 solitis
1978 2848 2027 2898 <Sc
2047 2848 2273 2898 consuttis
2297 2849 2348 2898 si-

1520 2922 1718 2980 gnatum
1733 2915 1905 2963 exinde
1929 2916 2118 2965 confeci
2139 2916 2346 2981 Requisi·

1521 2989 1597 3031 tus
1620 2982 1667 3030 in
1680 2979 1821 3030 fidem
1844 2981 1894 3031 ὅ(
1917 2981 2233 3031 testimonium
2252 2987 2344 3047 72)

1521 3050 1740 3100 omnium
1760 3049 1811 3101 ὅ(
1830 3048 2114 3115 singulorum
2141 3053 2344 3117 praemis-

1522 3116 1695 3167 serum.
2196 3119 2343 3176 8.Do-
