2541 3415
113 151 116 153 Α
167 161 269 223 394
1000 147 1104 202 φὶς
1128 142 1294 211 ifinfte
1308 146 1538 217 heilage.

166 260 224 309 In
237 253 437 324 profi’sto
464 255 565 306 Viti
584 257 682 305 di‘st.
705 259 737 306 1.
754 273 869 307 mre.
896 274 983 324 pro
1008 249 1206 308 memor.
1220 260 1312 309 Dni
1337 259 1574 309 Hartwici
1595 259 1651 309 de
1671 261 1921 328 Rellinghe.

167 328 224 375 In
245 323 319 374 die
346 323 448 374 Viti
469 324 591 374 distr.
609 326 641 373 Ι.
662 341 775 374 mre.
799 330 855 374 ad
871 343 1012 375 mem.
1039 327 1147 376 Otto
1168 327 1379 392 Swering
1401 327 1536 378 Redit.
1557 330 1630 376 111.
1654 333 1761 378 den.

166 391 384 443 Marcelli
406 390 459 452 εἴ
484 392 784 443 Marcelliani
804 394 902 442 dist.
927 396 1052 443 Vlll.
1079 395 1156 444 sol.
1178 397 1235 444 ad
1261 411 1460 444 memor.
1496 393 1734 453 Johannis
1755 398 2007 448 Duneman
2039 393 2233 449 Re&ori
2255 398 2384 450 nihil.

167 457 378 522 Geruafii
399 457 452 520 εἴ
471 458 673 524 Protaſsi
692 461 791 511 dist.
815 463 1000 511 XXlV.
1015 464 1090 512 sol.
1103 478 1191 528 pro
1215 479 1357 511 mem.
1381 460 1607 526 Ludolphi
1628 465 1941 515 Kumnzerow.
1975 469 2032 516 R.
2047 470 2079 515 1.
2094 468 2184 516 alb.

166 528 344 578 Odiana
366 529 500 593 Corp.
522 526 691 590 Christi
713 529 811 580 dist.
825 546 937 579 mre.
964 533 1021 578 ad
1042 547 1184 579 mem.
1211 532 1306 578 Dni
1334 529 1540 589 Joannis
1575 530 1785 588 Gronow.
1823 534 1872 582 R.
1897 531 2100 598 vnfflf.

163 594 385 663 Sequenti
403 593 479 645 die
501 594 675 645 Albani
695 596 793 646 dist.
816 597 846 644 Ι.
874 613 986 645 mre.
1001 601 1057 645 ad
1081 613 1225 645 mem.
1251 598 1344 645 Dni
1381 596 1516 645 Hinr.
1532 597 1848 662 *Bonzgarden
1881 602 1935 649 R.
1951 603 2158 651 VLden.

134 716 139 728 .
163 662 398 722 Johanm's
419 660 633 728 Baptistae
658 664 779 713 distr.
803 666 833 712 1.
851 680 966 712 mrc-
989 680 1074 729 pro
1090 675 1232 711 mem.
1261 665 1355 711 Dni
1380 662 1595 729 wileria·
1617 664 1794 718 Sadels.
1827 668 1885 717 R.
1902 669 1986 718 IV.
2010 670 2100 719 alb.

163 730 333 796 Ebdem
354 729 429 780 die
451 730 550 780 dist.
575 733 605 779 1.
634 747 748 780 mre.
777 747 863 796 pro
890 747 1031 778 mem.
1050 733 1141 779 Dni
1168 729 1434 780 Grabowen.
1468 732 1523 779 R.
1549 734 1624 781 III.
1645 732 1733 782 alb.

163 798 395 859 Johmmis
417 796 470 859 εἷ
489 798 629 848 Pauli
650 798 747 848 dist.
774 800 827 847 Il.
854 814 966 846 mre.
981 814 1067 863 pro
1091 814 1234 846 mem.
1273 800 1366 847 Dni
1392 797 1501 857 Joh.
1528 797 1792 864 Elterst'orp.
1826 801 1884 850 R.
1910 803 2040 851 nihil.

127 891 133 894 -
162 866 387 934 Seqtcenti
406 865 480 915 die
500 864 730 924 Johctnnis
746 864 800 927 εἴ
820 864 964 914 Pauli
987 865 1085 914 dist.
1111 868 1143 914 1.
1169 882 1283 915 mrc-
1310 882 1399 933 pro
1425 882 1569 917 mem.
1594 868 1690 916 Dni
1712 867 2006 934 Marquardi
2033 866 2186 920 Thun.
2208 867 2384 921 Rectooe

335 935 373 983 ri
397 934 600 982 VLden.

161 1001 219 1051 In
239 999 314 1050 die
331 999 464 1051 Petri
481 998 533 1060 εἴ
556 998 696 1049 Pauli
714 998 810 1048 dist.
835 1001 868 1048 I.
893 1016 1008 1048 mre.
1023 1016 1111 1066 pro
1134 1016 1337 1052 memor.
1365 997 1540 1066 Ghest’n
1563 998 1895 1067 Schiphowers.
1932 1002 1989 1050 R.
2004 1001 2134 1052 nihil.

160 1068 330 1120 Eodem
349 1067 424 1116 die
443 1067 538 1116 dist.
560 1069 684 1116 VIIl.
708 1067 784 1116 sol.
807 1070 863 1115 ad
890 1071 1172 1117 memoriam
1196 1067 1433 1117 Bernardi
1459 1066 1761 1134 Eiteistorpes.
1793 1070 1852 1133 R.
1878 1067 2008 1118 nihil.
2190 1110 2193 1113 ,

168 1134 453 1195 Viſjtcttionis
474 1133 641 1184 Mariae
665 1134 762 1185 dist.
787 1136 911 1183 VIII.
938 1135 1014 1186 sol.
1038 1138 1094 1184 ad
1119 1136 1346 1185 consolat.
1372 1139 1465 1186 Dni
1488 1135 1594 1195 Joh.
1610 1135 1666 1185 de
1687 1135 1917 1188 Hachede.
1953 1140 2011 1187 R.
2024 1137 2153 1188 nihil.
2418 1156 2421 1162 ’

160 1203 269 1255 Eod.
288 1203 361 1254 die
381 1201 663 1269 &fiqnenti
685 1202 786 1256 dist.
807 1203 997 1253 XXIV.
1014 1203 1141 1253 solidi
1155 1206 1213 1252 ad
1226 1219 1427 1254 mernor.
1445 1203 1646 1265 Joannis
1671 1204 1956 1272 Wintapper.
1990 1205 2187 1257 Keilori
2200 1205 2381 1266 xvni.

331 1272 521 1320 denarii.
580 1272 584 1273 ⁷
981 1295 987 1298 ·

159 1338 219 1389 In
244 1336 320 1387 die
343 1336 528 1388 Kiliani
547 1336 644 1386 dist.
668 1339 702 1386 Ι.
729 1354 843 1389 mre.
866 1340 922 1388 ad
947 1354 1148 1405 memor.
1172 1339 1264 1388 Dni
1295 1336 1468 1405 Tydei-i
1486 1337 1705 1405 Hcffyderi.
1729 1339 1782 1391 R.
1807 1341 1860 1390 ll.
1871 1339 1959 1390 alb.

158 1407 340 1472 Septem
347 1403 570 1470 frati-‘mn
593 1405 690 1455 dist.
714 1407 748 1455 Ι.
764 1422 879 1456 mre.
903 1409 961 1457 ad
985 1423 1186 1456 memor.
1222 1406 1411 1473 Ludolfi
1426 1409 1641 1457 Kremer.
1676 1410 1732 1457 R.
1757 1409 1882 1458 VIII.
1902 1410 2012 1456 den.

156 1475 214 1525 In
228 1470 426 1540 prqfhsto
451 1474 742 1539 Margaretae.
775 1474 873 1524 dist.
895 1476 927 1523 l.
949 1476 1179 1525 talentum
1205 1491 1292 1541 pro
1314 1492 1513 1525 memor.
1547 1477 1640 1526 Dni
1660 1478 1822 1526 Herm.
1834 1475 1890 1525 de
1910 1471 2215 1540 Zeghebergh.

158 1539 269 1592 Eod.
295 1540 370 1589 die
391 1539 490 1590 dist.
516 1543 675 1590 Lmrc.
699 1543 756 1590 ad
780 1544 976 1591 memor.
1001 1540 1178 1608 Sysiicli
1203 1540 1500 1592 Gholtbeken.
1533 1545 1591 1593 R.
1615 1545 1648 1591 Ι.
1671 1544 1759 1593 alb.
2376 1558 2381 1559 ⁷

155 1607 416 1673 Dimfionis
437 1606 741 1672 apostolorum
772 1610 889 1658 infra
910 1611 1200 1674 sequentiam
1231 1611 1280 1660 ὅ(
1302 1626 1450 1675 agnus
1474 1612 1562 1659 Dei
1586 1610 1687 1659 dist.
1708 1609 1894 1660 XXIV.
1912 1609 1989 1661 sol.
2013 1612 2072 1660 ad
2096 1607 2384 1669 consolatio÷

329 1678 420 1724 Dni
450 1675 623 1741 Tyderi
645 1674 834 1729 Polden.
851 1735 853 1737 ι
872 1676 1063 1726 Κεᾶοτί
1086 1679 1160 1726 111.
1186 1675 1228 1736 fi.
1256 1677 1304 1727 ὅ(
1324 1679 1357 1726 1.
1377 1677 1466 1731 alb.
2377 1709 2381 1711 -

79 1801 93 1805 >.
159 1742 436 1808 Margarete
464 1742 670 1807 Virginis
701 1743 822 1793 distr.
846 1745 878 1793 1.
903 1759 1016 1793 mre.
1051 1760 1138 1809 pro
1162 1759 1363 1793 memor.
1386 1746 1555 1811 qume
1579 1743 1712 1811 Kyle.

157 1810 267 1862 Eod.
290 1809 363 1859 die
384 1809 503 1859 distr.
520 1813 550 1859 l.
566 1827 681 1859 mre.
706 1827 793 1876 pro
817 1828 1016 1861 memor.
1056 1809 1237 1860 Wilken
1256 1810 1574 1876 Roclenborgh.
1607 1813 1801 1863 Refi’wri
1829 1811 1959 1862 nihil.

159 1877 269 1928 Eod.
292 1877 366 1927 die
390 1878 510 1926 distr.
534 1880 585 1927 11.
609 1894 721 1927 mre.
745 1895 834 1945 pro
858 1895 1058 1928 memor.
1081 1878 1193 1928 Iden
1226 1877 1539 1945 Rodenborgh.
1572 1881 1631 1929 R.
1659 1898 1707 1931 n.

158 1943 417 2009 Diuifionis
438 1942 755 2010 Apostolorum
778 1946 899 1996 distr.
922 1949 955 1996 1.
976 1963 1065 2013 pro
1089 1962 1288 1995 memor.
1309 1945 1541 2006 Johannh
1558 1945 1834 1998 Bardewick
1852 1947 2060 2005 senioris.

158 2012 264 2061 Eocl.
292 2011 366 2061 die
389 2011 511 2062 distr.
537 2016 567 2061 1.
590 2028 706 2063 mre.
736 2030 823 2079 pro
850 2014 1050 2063 mernor.
1083 2012 1289 2064 Wilcken
1320 2012 1542 2080 Vilfingh.
1566 2016 1625 2064 R.
1640 2017 1712 2064 111.
1736 2018 1841 2064 den.

158 2082 214 2139 In
237 2079 312 2129 die
332 2081 376 2129 S.
397 2078 630 2145 Arnolphi
653 2080 773 2130 distr.
798 2079 1037 2140 XXVLfi.
1059 2097 1148 2146 pro
1173 2097 1316 2132 mem:
1340 2078 1549 2148 Hestken
1573 2083 1760 2132 Militis.
1797 2084 1854 2132 R.
1870 2081 1944 2129 ΙΙΙ.
1969 2081 2076 2129 den.

159 2146 410 2198 Dominicn
441 2160 554 2197 ante
573 2145 752 2215 festum
775 2148 941 2209 Jacobi
966 2148 1135 2199 distrib.
1170 2150 1296 2199 Vlll.
1321 2150 1400 2200 sol.
1431 2166 1519 2217 pro
1542 2166 1741 2200 mernor.
1777 2151 1868 2199 Dni
1895 2144 2126 2213 Rudolphi
2150 2146 2291 2198 Erici.
2312 2147 2373 2202 R.

330 2215 457 2264 nihil.
2173 2230 2180 2233 ‘

157 2283 216 2333 In
236 2279 310 2331 die
325 2281 486 2330 Marie
507 2282 790 2348 Magdnlene
813 2283 932 2333 infra
956 2284 1187 2349 hymnum
1208 2283 1404 2343 infmiffa
1437 2284 1559 2335 distr.
1579 2286 1626 2349 ⁷1·
1649 2301 1764 2336 mre.
1800 2285 1859 2334 ad
1880 2281 2254 2332 consolationem
2281 2281 2374 2332 Dni

333 2349 532 2399 Gerarcli
555 2353 817 2400 Houeman.
856 2353 914 2400 R.
929 2352 1010 2400 Vl.
1035 2355 1143 2400 den.

128 2440 132 2443 ·
158 2414 268 2466 Eocl.
291 2413 366 2463 die
385 2416 507 2466 distr.
529 2420 560 2466 I.
587 2436 701 2468 mre.
722 2423 779 2467 ad
802 2434 945 2468 mem.
967 2417 1140 2482 Glaefin
1162 2419 1333 2484 Hopes.
1368 2420 1426 2469 R.
1448 2420 1574 2467 Xlll.
1603 2420 1690 2469 alb.
1710 2419 1743 2469 1.
1762 2419 1922 2468 denar.

158 2482 366 2533 Eod.‘die
386 2483 551 2535 distri
578 2502 690 2535 mre.
715 2489 772 2535 ad
795 2503 994 2536 memor.
1015 2484 1280 2536 Everhardi
1304 2488 1617 2553 apothecarii.

162 2549 450 2615 Apollinaris
471 2551 594 2601 distr.
616 2556 774 2602 Lmrc.
799 2557 855 2603 ad
877 2571 1077 2603 memor.
1098 2556 1191 2602 Dni
1215 2553 1482 2617 Hermanni
1504 2551 1804 2620 Bringeham.
1841 2551 2017 2602 R.V11.
2035 2551 2127 2603 alb.
2368 2603 2371 2605 ,

165 2620 224 2669 In
246 2617 319 2667 die
339 2616 506 2678 Jacohi
527 2618 723 2683 Apostoli
754 2623 872 2670 infra
896 2624 1123 2671 summam
1148 2620 1326 2672 missam
1359 2622 1458 2672 dist.
1480 2623 1605 2677 V111.
1633 2622 1763 2673 solidi
1796 2622 1854 2671 ad
1886 2619 2258 2672 consolationem
2281 2617 2374 2668 Dni

339 2683 498 2745 Johan
523 2684 579 2734 de
606 2685 836 2738 Hachede.
869 2691 928 2739 R.
949 2690 1077 2739 nihil.
1410 2747 1412 2749 ,
1884 2734 1887 2735 ⁷

160 2752 332 2806 Eodem
350 2752 424 2802 die
445 2752 543 2803 dist.
568 2755 621 2802 ΙΙ.
645 2770 761 2803 mre.
787 2758 843 2804 ad
866 2772 1065 2808 mernor.
1090 2755 1329 2816 Johannis
1351 2755 1590 2822 Langhen.
1622 2758 1674 2806 R.
1697 2756 1758 2806 V.
1785 2755 1874 2805 alb.
1993 2757 1997 2759 ’

159 2819 504 2938 Βοφηὶηἱεαῐτίὶε
524 2834 636 2870 ante
646 2821 778 2888 petri
799 2822 867 2872 ad
885 2823 1078 2875 vincula
1109 2826 1207 2874 dist.
1236 2828 1273 2889 1.
1292 2841 1407 2888 mre.
1424 2842 1513 2892 pro
1538 2820 1897 2875 mem-Arnoldi
1921 2816 2160 2870 Ghulzow.
2194 2817 2373 2870 Recto-

331 2892 369 2939 ri
391 2891 408 2938 1
433 2890 454 2934 .’
476 2891 582 2938 den·
1672 2939 1675 2940 γ
1751 2923 1755 2926 -

166 2955 494 3011 Panthaleonis
515 2957 846 3009 distribuuntur
868 2960 991 3010 Vlll.
1018 2958 1149 3008 solidi
1183 2977 1271 3027 pro
1303 2976 1446 3010 mem.
1476 2956 1711 3010 widerici
1729 2950 1904 3021 Zaffin.

162 3025 381 3095 Sequenti
400 3025 476 3076 elie
495 3024 831 3079 Panthaleonis
854 3027 1025 3078 distrib.
1046 3028 1078 3077 1.
1105 3044 1320 3094 mre.pro
1342 3043 1485 3081 mem.
1507 3023 1701 3075 Hinrick
1713 3025 1874 3073 Koter.
2234 3090 2281 3141 F
2332 3087 2341 3098 ⁸

1112 3122 1114 3124 ·
2274 3103 2372 3138 erza
