2541 3415
193 133 294 196 '332
540 198 546 204 ,
1021 127 1119 183 Die
1150 130 1298 179 vierte
1342 127 1556 197 herlage

188 247 325 312 gistri
343 246 581 305 Joharnes
603 247 850 316 Qemin,
879 249 1203 298 Procuratoris
1228 249 1488 298 instantiam
1521 265 1574 297 ac
1603 265 1689 313 pro
1714 257 1857 312 ¹parte
1891 249 1988 306 sua,
2024 264 2078 296 ac
2110 256 2278 296 contra
2307 263 2409 312 par-

195 323 297 365 tem
318 316 398 364 fibi
421 315 662 365 adversam
685 316 733 363 in
756 315 931 381 scriptis
956 317 1145 365 tulimus
1169 318 1217 366 ὅ(
1242 317 1643 381 promulgavimus
1658 331 1711 362 ac
1727 317 2014 376 presentibus
2029 316 2217 364 ferimus
2239 316 2284 363 ὅ(
2303 331 2408 379 pto-

195 383 462 448 mulgamus
488 383 535 430 in
554 383 711 440 hune,
745 385 823 448 qui
857 383 1060 448 sequitur
1088 387 1287 432 modurn
1319 385 1395 432 De
1416 379 1808 445 Jm‘isperitorum
1831 381 2022 432 confilio
2056 384 2103 431 ὅ(
2129 381 2299 430 affensu
2325 396 2410 446 per

191 452 317 498 hanc
337 450 646 507 sententiam,
681 465 820 513 quam
849 467 933 512 pro
957 451 1175 499 tribunali
1197 451 1412 498 sedentes
1436 449 1484 496 ὅ(
1522 449 1666 495 solum
1693 449 1843 494 Deum
1877 464 1960 512 per
1993 451 2139 498 oculis
2176 450 2409 497 habentes

195 519 388 568 ferimus
408 519 457 566 in
480 518 553 565 his
580 517 757 581 scriptis
791 519 1238 582 pronuntiavimus,
1275 515 1573 562 decrevimus
1607 515 1654 563 ὅ(
1687 514 2026 563 declaravimus
2053 516 2411 579 prenominatos

198 582 442 636 Stederum
467 582 674 638 Adeken,
710 583 905 632 Ehonem
931 580 1355 644 Hmmekerfiades,
1391 579 1612 629 §ederam
1635 579 1967 629 Rodefbamzeke
1989 581 2236 637 Alverkes,
2266 580 2412 630 Bathe-

194 651 359 701 kinu'm
406 651 607 706 Trotze,
663 649 853 698 Edelum
882 649 939 698 de
977 650 1092 697 villa
1127 647 1280 713 iijoyk,
1331 645 1531 696 Edwwm
1556 647 1718 701 Edels,
1766 648 1864 710 ejus
1908 648 2053 698 filium
2069 683 2085 702 ,
2150 647 2413 697 Wichmmz-

197 716 310 769 num
331 717 387 767 de
401 716 792 782 Padinghbzttrel,
827 733 881 765 ac
912 715 1123 764 Sibermn
1148 713 1396 779 qunekerz
1426 713 1620 769 Eluers,
1655 715 1703 763 ὅ(
1728 714 1829 762 suos
1858 717 1906 762 in
1930 718 2019 763 hac
2053 724 2185 780 parte
2219 715 2414 780 compli-

199 803 308 845 ceS,
342 787 390 836 ὃς
412 785 715 849 coadjutores
735 786 781 830 in
804 783 915 832 asiis
943 784 1078 831 cause
1111 780 1413 846 hujusmodi,
1455 798 1508 829 ac
1542 784 1587 829 in
1628 783 1831 845 ipsorum
1867 785 2252 845 procurationum
2286 798 2415 831 man-

199 856 344 911 dato,
382 868 541 902 coram
564 853 709 907 nobis
742 850 976 915 produ&o
1007 852 1306 907 nominatos,
1352 850 1692 897 inhabitatores
1728 858 1851 896 terre
1885 851 2137 898 Wursatie
2170 851 2216 899 ὅ(
2245 865 2413 897 eorum

196 922 455 986 quemlibet
477 921 524 966 in
549 919 700 982 specie
717 951 729 973 ,
767 918 816 967 <Sc
836 918 1034 982 qualiter
1048 933 1214 965 omnes
1238 917 1286 966 ἃ
1309 916 1511 980 singulos
1537 914 1748 979 ejusdem
1775 925 1898 963 terre
1921 916 2260 967 inhabitatores
2287 917 2414 967 &in-

196 990 348 1045 eolaS,
382 989 460 1051 qui
485 989 607 1033 bona
635 982 904 1049 hujusmodi
937 984 1178 1047 nauti-agio
1201 988 1311 1032 data
1337 993 1593 1048 rapuerunt
1630 984 1703 1031 seu
1730 983 2094 1048 quomodolibet
2127 984 2412 1042 habuerunt,

195 1059 273 1105 seu
299 1055 452 1103 adhuc
475 1052 524 1102 &
546 1053 788 1110 detinent,
822 1068 877 1100 ac
902 1052 1135 1101 moniti&
1159 1050 1644 1115 requisitirestituere,
1684 1051 1943 1098 satisfacere
1968 1059 2048 1098 aut
2071 1050 2267 1115 desuper
2284 1065 2415 1098 corn-

196 1137 378 1189 ponere
400 1137 497 1168 non
523 1127 771 1176 curarunt,
811 1135 1073 1184 eorumque
1100 1119 1415 1176 consiliarios,
1450 1120 1659 1166 fautores
1682 1118 1728 1166 &²
1754 1117 2021 1166 defensores
2042 1120 2088 1166 in
2109 1132 2284 1183 genere
2317 1133 2430 1166 non·

195 1190 539 1239 restitutionem
565 1191 798 1236 bonorum
832 1184 1102 1250 hujusmodi
1136 1183 1238 1251 ipsis
1271 1187 1484 1250 opidanis
1514 1185 1805 1238 faciendam,
1844 1200 1933 1232 nec
1952 1201 2050 1232 non
2071 1184 2415 1233 restitutionem

194 1259 337 1323 ipsam
362 1256 700 1319 impedientes,
724 1270 779 1302 ac
802 1255 865 1302 eiS
888 1257 934 1301 in
958 1255 1054 1302 hoc
1077 1256 1242 1302 dantes
1267 1253 1488 1302 auxilium
1504 1283 1518 1307 ,
1553 1253 1801 1300 consilium
1828 1253 1874 1300 δε
1903 1253 2116 1301 favorem
2138 1267 2413 1300 excommu-

194 1325 444 1373 nicationis
469 1325 745 1371 sententiam
772 1323 818 1371 ὃς
839 1322 945 1369 alias
974 1337 1118 1385 penas
1146 1331 1313 1369 contra
1339 1336 1421 1368 eos
1446 1329 1642 1386 propter
1658 1322 1753 1367 hoc
1776 1319 1951 1368 latas&
1974 1317 2167 1368 ballistas
2189 1318 2412 1377 incidisse,

195 1395 382 1456 aciplos
404 1390 462 1438 fic
487 1391 929 1438 excommunicatos
954 1389 1260 1445 declarandos
1278 1389 1324 1438 &
1346 1389 1699 1436 denunciandos
1724 1388 1854 1443 fore,
1887 1402 1941 1434 ac
1963 1386 2253 1434 declaramus
2274 1387 2414 1435 &de-

192 1461 498 1516 nunciamus,
536 1456 868 1522 processusque
889 1455 1168 1505 necessarios
1190 1457 1238 1505 ὅ(
1259 1463 1525 1520 oportunos
1549 1456 1743 1520 desuper
1769 1456 2094 1501 decernendos
2116 1455 2235 1510 fore,
2261 1454 2310 1503 ὅ(
2335 1455 2416 1501 de-

193 1528 429 1576 cernimus
445 1560 458 1583 ,
494 1526 710 1589 ipsosque
735 1524 792 1571 fic
815 1523 1077 1571 declaratos
1101 1525 1146 1570 in
1172 1522 1396 1586 expensas
1422 1530 1676 1587 propterea
1697 1521 1907 1585 legitime
1929 1520 2070 1569 fafiias
2091 1524 2417 1569 condemnan-

196 1597 283 1643 dos
312 1594 416 1641 fore
440 1593 487 1641 ὅ(
514 1593 915 1647 condemnamus,
950 1591 1146 1654 ipsarum
1172 1589 1508 1653 expenfionum
1535 1587 1890 1638 taxationem&
1915 1587 2212 1651 processuum
2235 1587 2416 1635 nostro-

201 1676 307 1710 rum
347 1676 402 1707 ac
436 1659 772 1723 sententiarum
798 1658 844 1706 ὅ(
878 1672 1105 1721 penarum
1140 1654 1410 1718 hujusmodi
1445 1656 1808 1720 aggravatione,
1845 1658 2242 1719 'reaggravatione
2273 1655 2321 1704 ὃς
2351 1655 2420 1702 in·

195 1725 426 1784 terdiC'w,
455 1728 598 1774 etiam
622 1726 679 1773 ad
701 1725 1060 1774 invocationem
1096 1724 1250 1771 auxilii
1281 1723 1455 1770 brachii
1483 1722 1693 1771 secularis
1718 1722 1938 1771 inclufive
1961 1726 2007 1770 in
2030 1731 2257 1787 quantum
2294 1721 2416 1786 ipso·

195 1812 299 1846 rum
323 1793 847 1842 excommunicatorum
873 1792 1171 1839 contumacia
1193 1789 1241 1839 ὅ(
1262 1789 1455 1837 rebellio
1495 1789 1569 1837 seu
1596 1790 1854 1853 pertinacia
1889 1790 1933 1838 id
1970 1793 2239 1853 exegerint,
2278 1791 2415 1838 nobis

191 1861 486 1928 *inposterum
511 1860 766 1908 reservatis.
839 1861 997 1926 Qam
1024 1860 1213 1923 quidem
1235 1856 1439 1904 nostram
1471 1857 1775 1911 sententiam,
1813 1873 1866 1904 ac
1890 1865 2120 1905 contenta
2152 1859 2198 1906 in
2224 1858 2412 1912 eadem,
2472 1894 2475 1897 v

196 1946 288 1979 nec
316 1945 413 1977 non
435 1928 593 1976 omnia
622 1927 670 1976 ὅ(
694 1925 864 1990 fingula
888 1925 1101 1991 premissa
1133 1926 1268 1973 vobis
1298 1924 1515 1971 omnibus
1542 1924 1587 1972 ὃ(
1615 1923 1795 1988 singulis
1826 1923 2093 1989 supradiffis
2126 1924 2174 1974 ὅ(
2208 1923 2414 1973 vestrum

196 1997 386 2047 cuilibet
409 1997 466 2044 ad
491 2010 654 2043 manus
678 1994 957 2041 insinuamus
989 1995 1035 2042 ec
1061 1990 1360 2041 notificamus
1385 2007 1438 2038 ac
1464 1994 1521 2038 ad
1544 1990 1741 2039 vestram
1776 1991 1822 2040 ὅ(
1848 1992 2037 2040 cuilibet
2062 1991 2265 2039 vestrum
2289 1991 2412 2038 noti·

196 2067 310 2114 tiam
334 2063 607 2111 deducimus
631 2062 679 2111 ὅ(
711 2062 880 2109 deduci
911 2060 1127 2109 volumus
1152 2075 1236 2122 per
1258 2059 1522 2124 presentes,
1559 2059 1605 2107 <Sc
1632 2059 1935 2107 nibilominus
1971 2057 2252 2107 austeritate
2285 2062 2417 2122 Apo·-

195 2131 383 2190 fronca,
418 2146 509 2195 qua
533 2130 771 2193 fungimur
800 2130 845 2176 in
871 2129 958 2175 hac
988 2136 1149 2192 parte,
1183 2142 1270 2175 vos
1307 2141 1470 2174 omnes
1497 2127 1545 2175 ὅτ.
1579 2126 1783 2189 singulos
1817 2125 2104 2190 supradidtos
2135 2126 2182 2175 ὅ(
2207 2124 2414 2174 vestrum

199 2198 457 2264 quemlibet
479 2198 525 2244 in
548 2197 772 2253 solidum,
818 2204 987 2244 tenore
1016 2195 1299 2260 presentium
1328 2194 1604 2258 requirimus
1632 2194 1678 2242 ὃ(
1702 2209 1951 2241 monemus
1975 2195 2155 2257 primo,
2189 2193 2412 2249 secundo,

198 2268 342 2315 tertio
364 2266 410 2314 &
434 2265 757 2329 peremptorie
785 2265 1015 2327 vobisque
1047 2265 1094 2310 in
1120 2262 1297 2310 virtute
1329 2260 1482 2310 sancite
1515 2262 1827 2316 obedientie,
1847 2260 1893 2309 ὅ(
1920 2261 1998 2307 sub
2031 2260 2415 2307 excommunica-

200 2334 342 2383 tionis
365 2347 485 2395 pena
501 2366 516 2389 ,
553 2347 692 2395 quam
716 2332 762 2378 in
785 2347 874 2378 vos
893 2331 942 2380 ὅ(
965 2329 1168 2379 vestrum
1193 2328 1477 2392 quemlibet,
1511 2329 1650 2377 trium
1670 2335 1853 2375 tanturn
1871 2329 2050 2374 dierum
2069 2328 2297 2374 canonica
2311 2341 2416 2374 mo-

199 2402 381 2449 nitione
404 2398 644 2462 premissa,
677 2399 756 2447 nifi
780 2398 1010 2454 feceritis,
1036 2397 1085 2446 ἃ
1108 2396 1302 2460 quilibet
1316 2394 1726 2451 vestrumfecerit,
1761 2396 1887 2458 quod
1912 2397 2187 2442 mandamus
2213 2408 2414 2441 exnunc

200 2475 347 2534 prout
367 2481 426 2512 ex
449 2473 560 2513 tunc
584 2466 631 2515 δε
654 2480 713 2513 ex
734 2473 849 2514 tunc
871 2473 1016 2530 prout
1037 2479 1096 2511 ex
1118 2479 1246 2510 nunc
1269 2463 1458 2509 ferimus
1481 2464 1526 2509 in
1556 2465 1625 2509 his
1659 2461 2054 2525 scriptis‘distriffre
2069 2495 2082 2519 ,
2104 2461 2410 2526 percipiendo

199 2536 477 2584 mandantes
501 2541 728 2596 quatenus
762 2532 913 2580 statim
937 2532 1036 2581 vifis
1072 2531 1390 2595 presentibus,
1426 2531 1609 2576 tociens
1639 2531 1865 2593 quociens
1895 2532 2084 2592 quando
2119 2528 2410 2592 expendiens

199 2603 343 2652 fuerit
361 2615 450 2665 pro
476 2606 606 2663 parte
631 2599 862 2648 diffitorum
890 2601 1206 2663 opidanorum
1240 2596 1665 2661 Hamburgenfium
1698 2596 2024 2661 principalium
2057 2596 2234 2643 fueritis
2256 2594 2411 2658 requi-

203 2671 299 2727 fici,
334 2676 414 2716 aut
437 2665 554 2714 alter
575 2665 778 2715 vestrum
802 2668 942 2715 fuerit
962 2666 1233 2732 requifitus,
1268 2666 1332 2713 ita
1357 2672 1515 2712 tamen
1542 2665 1669 2727 quod
1702 2666 1746 2712 in
1771 2665 1838 2711 his
1865 2663 2166 2726 exsequendis
2189 2677 2306 2709 unus
2331 2676 2413 2710 ve·

199 2736 342 2786 strum
366 2735 504 2783 alium
527 2748 627 2782 non
651 2733 916 2796 exspesslaet,
950 2750 1040 2782 nec
1063 2749 1182 2781 unus
1204 2748 1289 2797 per
1311 2730 1451 2780 alium
1473 2732 1517 2779 se
1543 2731 1763 2790 excuset,
1791 2731 2147 2794 prenominatos
2166 2727 2412 2778 ‘istederum

203 2801 445 2857 Adekens,
476 2800 672 2850 Ebonem
701 2798 1073 2861 Hamzekcjsiades
1091 2834 1107 2854 ,
1148 2798 1393 2848 Stederum
1423 2796 1788 2847 Rodehanneken
1811 2794 2068 2849 Alverkes,
2106 2795 2412 2844 Babekinium

209 2871 408 2924 Totzen,
441 2866 634 2917 Edelum
654 2865 711 2915 cle
729 2866 843 2915 villa
865 2865 1011 2931 Spyk,
1048 2865 1248 2916 Edonem
1260 2864 1400 2915 Edels
1419 2863 1519 2926 ejus
1526 2864 1691 2930 filium
1715 2860 2069 2912 Wichmanmtm
2091 2861 2147 2910 de
2166 2861 2400 2927 Padingh-

204 2936 353 2990 brittel
374 2938 423 2991 ὃς
448 2934 679 2989 Sibertum
701 2932 951 3002 quneken
973 2933 1141 2989 Elvers
1162 2950 1222 2987 ex
1244 2921 1438 2987 adverso
1460 2930 1771 2999 principale33
1804 2928 2068 2991 Johannem
2088 2929 2413 3049 AclekendVre·
2444 2995 2447 2998 .

2305 3013 2407 3055 rex,
