2541 3415
207 112 306 175 354
384 181 386 183 v
422 182 425 185 .
1053 106 1154 165 Die
1171 105 1576 176 stcbstezet'sage

208 227 507 280 familiarium
527 225 851 275 voluntatibus
867 211 1074 274 inclinati
1098 226 1147 275 ὅ(
1165 224 1498 290 praedis-{orum
1521 226 1728 274 virorum
1745 224 1988 274 communi
2011 225 2201 274 utilitati
2220 225 2426 273 conside-

209 303 312 347 rata
336 296 393 342 ab
417 295 581 343 iisdem
605 308 635 340 2
656 293 827 341 Marck
851 295 1034 358 argenti
1060 294 1315 342 examinati
1338 292 1592 341 dinoscitur
1610 292 1852 357 recepisse.
1889 294 2033 341 Anno
2064 308 2187 355 1209
2211 293 2427 357 proxima

209 365 288 414 die
312 361 416 427 post
439 360 604 410 festum
629 361 755 408 beati
773 361 975 410 Matthei
996 360 1227 426 Apostoli.
1543 395 1556 399 -
1792 365 1795 367 ’

207 455 868 571 3.JOHANN18
914 452 1173 542 Ducis
1224 447 1815 540 Brunsvicenfis
1868 451 2161 543 Literae
2199 448 2426 574 supra
2512 432 2521 434 ,

343 567 570 638 Salinas
601 590 814 639 novas,
856 570 1048 633 Anno
1071 584 1238 654 1273.
1258 564 1314 632 d.
1345 561 1406 632 b.
1423 562 1570 635 Vit'i.
1620 567 1712 632 Ex
1728 565 2259 637 Hammenstedes

776 653 1021 725 Chron.
1047 651 1289 724 Luneb.
1318 655 1480 732 MSt.
1506 678 1562 746 p.
1587 665 1680 743 48
1705 652 1838 747 sqq.

282 766 493 817 ohannes
515 767 604 815 Dei
625 766 791 815 Gratia
810 766 918 814 Dux
938 764 1339 815 BrunsWichensis
1365 766 1588 813 omnibus
1612 763 1786 813 Christi
1820 762 2032 813 fidelibus
2057 766 2303 830 praesentes
2326 765 2426 815 lite-

203 760 368 953 ]ras
391 834 661 900 inspe&uris
678 849 788 881 cum
810 835 957 898 gratia
979 833 1083 898 Jesu
1106 832 1279 882 Christi
1305 833 1558 881 salutemin
1571 832 1783 880 Domino
1798 831 2146 898 sempiternam.
2183 834 2428 898 Qoniam

2257 191 2423 208 *Μ

300 902 513 949 omnium
534 902 710 948 habere
735 902 1014 949 memoriam
1038 901 1086 950 ὅς
1108 902 1156 948 in
1193 901 1322 949 nullo
1349 915 1550 965 peccare
1579 900 1806 957 divinum}
1819 898 1885 947 est
1916 901 2241 965 potiusquam
2266 901 2427 949 huma-

204 984 343 1024 num,
378 966 563 1016 necesse
585 965 651 1015 est
674 966 945 1016 contraditis
971 970 1094 1016 bone
1117 967 1227 1016 fidei
1260 969 1513 1016 secundum
1544 970 1825 1017 varietatem
1857 975 2130 1031 temporum
2163 967 2427 1016 celebratos

203 1036 429 1100 scripture
462 1034 739 1084 testimoniis
775 1038 1102 1085 commendari
1137 1054 1154 1098 3
1202 1038 1260 1084 ad
1293 1037 1513 1085 notitiam
1544 1037 1685 1102 igitur
1716 1043 1814 1083 tam
1849 1035 2084 1098 praesentis
2106 1050 2246 1098 quam
2269 1035 2427 1083 future

202 1103 351 1151 aetatis
373 1102 624 1151 hominum
659 1105 873 1167 cupimus
896 1106 1146 1167 pervenire
1172 1138 1187 1161 ‚
1225 1105 1355 1167 quod
1392 1119 1502 1152 cum
1547 1118 1634 1151 nos
1665 1102 1784 1151 infra
1818 1102 2081 1160 Civitatem
2115 1102 2206 1152 sive
2229 1096 2440 1167 opidum.

199 1170 515 1235 Luneburga‚
540 1173 669 1235 quod
693 1174 750 1219 ad
776 1187 862 1219 nos
880 1169 987 1235 jure
1007 1173 1216 1236 pertinet
1238 1173 1522 1220 hereditatio
1547 1179 1744 1236 puteum
1771 1170 1872 1219 salis
1894 1169 1995 1218 fodi
2016 1169 2279 1219 fecissemus
2295 1203 2308 1227 ,
2335 1170 2428 1221 sive

201 1252 382 1287 novam
403 1238 588 1286 salinam
615 1238 824 1303 expensis
840 1239 887 1289 ὅ(
905 1239 1140 1287 laboribus
1156 1240 1363 1304 plurimis
1378 1238 1707 1288 invenissemus
1723 1238 1772 1288 ὃς
1792 1237 1847 1286 sal
1863 1240 1921 1286 ad
1935 1237 2232 1302 ampliandos
2247 1238 2429 1288 nostros

200 1306 413 1354 redditus
440 1306 581 1371 coqui
606 1306 870 1354 feceremus
894 1336 908 1360 ,
942 1309 1000 1354 de
1020 1308 1386 1371 Amelingsborn
1411 1341 1425 1364 a
1460 1310 1519 1355 de
1546 1308 1769 1354 Doberan
1790 1339 1806 1362 ‚
1837 1306 1906 1362 Ide
1932 1304 2193 1354 Reinvelde
2218 1306 2427 1366 Abbates

202 1373 378 1425 ordinis
406 1373 725 1421 Cisterciensis
743 1375 792 1424 ὃ(
816 1390 981 1422 eorum
1005 1374 1283 1422 monasteria
1307 1376 1356 1424 &
1380 1376 1569 1439 quidam
1598 1374 1671 1422 alii
1694 1375 1905 1422 Abbates
1929 1372 1977 1423 ὅ(
1999 1388 2166 1422 eorum
2194 1372 2429 1421 monaste-

197 1443 266 1492 ria
283 1442 460 1490 ordinis
483 1442 525 1494 S.
547 1441 788 1491 BenediCti
812 1443 861 1492 ὅ(
886 1442 1041 1506 plures
1063 1442 1299 1507 Praepositi
1324 1442 1418 1492 sive
1451 1441 1716 1507 provisores
1738 1439 2131 1490 monasteriorum
2154 1439 2429 1490 monialium

199 1518 297 1559 tam
322 1508 516 1559 Cisterc.
543 1525 682 1574 quam
709 1511 884 1558 ordinis
908 1510 952 1558 S.
973 1510 1242 1567 Benedicti,
1279 1526 1370 1558 nec
1392 1526 1492 1558 non
1515 1518 1612 1558 tam
1631 1509 1892 1558 Lubecens]
1917 1525 2058 1573 quam
2082 1510 2430 1558 Bardewicenss

197 1578 247 1628 ὅ(
268 1577 588 1625 Ramesloens.
610 1576 916 1625 Ecclefiarum
936 1578 1118 1626 Decani
1140 1578 1189 1627 <Sc
1212 1577 1512 1626 Canonici&
1535 1576 1692 1640 plures
1704 1576 1874 1624 milites
1899 1576 1948 1626 ὅς
1971 1576 2226 1639 burgenses⁴
2249 1584 2345 1623 tam
2368 1578 2429 1625 de

198 1644 419 1710 proedi&a
444 1645 637 1693 civitate
662 1645 1016 1708 Luneburgenfi
1049 1660 1189 1708 quam
1216 1659 1275 1691 ex
1296 1643 1394 1692 aliis
1419 1643 1535 1691 locis
1557 1672 1571 1697 ‚
1609 1645 1688 1707 qui
1724 1643 2038 1690 hereditatem
2061 1643 2110 1691 ὅ(
2144 1644 2354 1691 redditus
2378 1644 2427 1692 in

198 1714 391 1776 antiqua
412 1710 551 1760 salina
573 1712 767 1759 diminui
791 1711 978 1776 possent
999 1712 1096 1760 hoc
1114 1714 1290 1768 modo,
1328 1711 1463 1759 nobis
1487 1711 1729 1758 humiliter
1751 1709 2097 1774 supplicarunt,
2132 1718 2185 1756 ut
2205 1709 2306 1773 ipsis
2331 1711 2427 1774 spe-

198 1779 368 1829 cialem
390 1781 585 1844 gratiam
609 1778 840 1827 facientes
862 1795 1041 1828 novam
1064 1778 1248 1826 salinam
1273 1779 1338 1825 eis
1364 1780 1694 1836 venderemus.
1765 1778 1870 1823 Nos
1897 1783 2057 1823 autem
2078 1783 2132 1823 ut
2154 1776 2425 1825 orationum

199 1849 248 1898 ὅ(
271 1847 463 1895 aliarum
495 1846 762 1911 specialium
789 1845 1029 1894 affitionum
1053 1861 1145 1910 qve
1174 1846 1386 1910 qvotidie
1408 1844 1529 1892 fiunt
1557 1859 1582 1890 a
1607 1842 1827 1908 religiosis
1858 1842 1992 1907 supra
2024 1844 2281 1892 nominatis
2306 1843 2353 1894 ὅ(
2376 1845 2425 1894 in

198 1930 367 1965 eorum
389 1913 678 1962 monasteriis
702 1914 937 1977 particeps
961 1911 1050 1960 effe
1075 1913 1409 1960 memoriarum
1432 1911 1480 1961 ὅ(
1510 1912 1743 1959 Dominus
1768 1911 1905 1959 nobis
1928 1911 1977 1958 in
2011 1917 2176 1959 eterna
2198 1912 2295 1960 vita
2319 1925 2424 1975 per-

198 1984 344 2048 cipiet
365 2015 379 2038 ,
415 1982 463 2031 ὅ(
488 1981 656 2030 milites
681 1981 730 2031 ὅ(
753 1981 1003 2045 burgenses
1028 1978 1274 2045 praedi6tos
1305 1980 1441 2028 nobis
1463 1979 1638 2028 favoris
1660 1978 1708 2028 ὃ(
1731 1975 1993 2027 dilefflonis
2017 1978 2291 2026 fortioribus
2324 1981 2426 2028 vin-

199 2051 313 2101 culis
328 2048 628 2114 astringamus
654 2050 914 2112 proborum
938 2048 1312 2110 &discretorum
1337 2046 1530 2096 consilio
1545 2047 1784 2094 mediante
1809 2060 1987 2095 novam
2008 2045 2194 2094 salinam
2217 2045 2424 2110 superius

197 2125 511 2167 memoratam
536 2117 733 2165 Abbatis
747 2115 1008 2180 Praepofitis
1033 2116 1082 2166 ὅ(
1105 2115 1203 2163 aliis
1225 2117 1434 2163 redditus
1457 2117 1502 2163 in
1526 2115 1718 2179 antiqua
1742 2113 1878 2161 salina
1902 2114 2185 2162 habentibus
2207 2114 2424 2162 vendidi-

197 2201 302 2235 mus
319 2186 383 2233 ita
409 2186 540 2249 quod
566 2185 734 2232 eadem
757 2200 886 2233 nova
920 2183 1056 2232 salina
1082 2184 1270 2248 penitus
1308 2181 1527 2231 destruet.
1576 2182 1769 2230 ulterius
1802 2197 1901 2229 non
1936 2182 2110 2229 debeat
2140 2195 2422 2245 permanere

198 2261 411 2302 attamen
443 2283 459 2291 -
494 2281 510 2292 -
548 2282 566 2291 -
592 2260 761 2300 cantes
785 2251 865 2299 sub
890 2253 1131 2300 taxatione
1156 2250 1342 2298 illorum
1366 2284 1381 2307 ,
1418 2265 1536 2316 quos
1563 2264 1623 2298 ex
1647 2257 1846 2314 utraque
1870 2256 2006 2314 parte
2029 2250 2086 2296 ad
2105 2249 2201 2296 hoc
2225 2249 2422 2313 deputa-

122 2375 124 2377 ,
199 2321 354 2370 ‘vimus
374 2320 507 2368 nobis
532 2318 863 2385 persolverunt
884 2318 1102 2383 &neqve
1126 2334 1214 2366 nos
1229 2332 1385 2383 neqve
1407 2318 1604 2365 heredes
1630 2316 1771 2365 nostri
1794 2331 1950 2381 neqve
1971 2314 2253 2369 successores
2276 2314 2421 2364 nostri

199 2403 329 2437 nunc
353 2401 509 2452 neqve
532 2387 622 2435 alio
645 2387 935 2451 tempore¹in
969 2388 1142 2433 eodem
1167 2385 1278 2433 loco
1301 2418 1314 2442 ,
1350 2387 1429 2434 ubi
1455 2400 1582 2433 nova
1612 2383 1748 2433 salina
1769 2384 1857 2432 fuit
1878 2386 2073 2432 inventa
2093 2415 2107 2440 ‚
2142 2397 2230 2430 nec
2255 2385 2302 2430 in
2325 2382 2420 2432 alio

199 2455 311 2505 loco
336 2454 453 2502 infra
475 2453 1156 2518 civitatem‘Luneburgensem
1182 2453 1257 2502 vel
1281 2454 1423 2501 etiam
1455 2459 1586 2500 extra
1608 2452 1654 2499 in
1687 2452 1902 2500 dominio
1926 2452 2196 2514 Luneborg.
2217 2449 2316 2496 fodi
2340 2448 2421 2497 vel

200 2521 371 2572 exstrui
395 2522 535 2569 alium
560 2529 758 2585 puteum
782 2521 881 2569 salis
906 2520 998 2569 five
1024 2521 1210 2569 salinam
1236 2520 1372 2568 aliam
1395 2522 1441 2568 in
1470 2519 1771 2567 restauratam
1805 2548 1821 2557 -
1848 2548 1871 2558 μ-
1908 2548 1925 2558 -
1959 2519 2090 2583 quod
2113 2531 2174 2564 ex
2197 2513 2419 2580 praedi&a

200 2589 529 2639 conventione
552 2586 786 2652 possemus
808 2587 1012 2653 allegare
1030 2621 1045 2646 ,
1084 2589 1295 2636 Abbates
1317 2586 1554 2652 Praepositi
1577 2587 1838 2640 Canonici,
1859 2585 2059 2642 milites,
2093 2582 2343 2646 burgenses
2366 2582 2417 2633 <St

200 2656 400 2706 universi
420 2656 500 2720 qvi
523 2655 703 2702 habent
725 2656 934 2704 redditus
959 2657 1009 2704 in
1033 2657 1225 2720 antiqua
1248 2654 1385 2703 salina
1410 2656 1469 2702 de
1503 2656 1844 2718 quinqvaginta
1878 2653 2094 2700 domibus
2118 2651 2164 2697 in
2188 2647 2283 2712 ipsa
2303 2664 2418 2698 con-

197 2724 367 2772 stitutis
392 2730 584 2771 centum
605 2722 653 2771 ὃς
667 2722 1005 2787 qvinqvaginta
1028 2723 1166 2771 Chor
1186 2722 1296 2771 Salis
1316 2725 1361 2771 in
1378 2721 1591 2787 qvolibet
1614 2720 1806 2770 flumine
1821 2722 1957 2769 nobis
1979 2720 2183 2768 dabunt,
2212 2717 2276 2763 ita
2289 2717 2421 2765 vide-

197 2791 335 2847 licet,
373 2792 501 2855 qvod
523 2793 581 2838 de
606 2789 707 2856 ipfis
730 2791 1071 2855 qvinqvaginta
1093 2791 1312 2838 domibus
1334 2799 1427 2838 tres
1449 2789 1585 2838 Chor
1608 2788 1720 2837 Salis
1751 2790 1809 2836 de
1834 2804 1924 2834 una
1949 2798 2131 2849 qvaqve
2155 2785 2329 2841 domo,
2364 2790 2418 2832 ut

197 2857 475 2921 praedifimm
494 2855 559 2905 est
583 2858 631 2905 in
654 2856 866 2922 qvolibet
886 2855 1077 2905 flumine
1110 2858 1247 2905 nobis
1278 2858 1464 2905 cedant.
1533 2857 1585 2904 In
1610 2856 1833 2920 eligendo
1858 2862 2016 2901 autem
2040 2850 2260 2916 magistro
2285 2852 2417 2915 putei

200 2927 251 2977 ὅ(
273 2926 491 2974 dominiis
516 2924 565 2974 &
597 2924 818 2989 boningis
853 2939 1009 2988 neqve
1049 2940 1137 2972 nos
1162 2940 1319 2990 neqve
1350 2925 1550 2972 heredes
1571 2923 1713 2971 nostri
1737 2918 2172 2971 contendimnS.vel
2194 2918 2418 2967 volumus

202 2993 394 3059 aliquod
408 2994 477 3042 vis
501 2993 679 3046 habere
699 2991 748 3042 ὅ(
767 2990 943 3041 nullam
967 3006 1055 3040 nos
1080 2989 1321 3055 adjicimus
1334 2990 1635 3058 potestatem.
1701 2989 1793 3037 Pro
1803 2987 1950 3052 gratia
1964 2987 2011 3039 ὅ(
2030 2986 2197 3039 favore
2206 2986 2418 3102 Abbatg
