2541 3415
175 132 278 210 ‘fio
345 110 347 112 ι
876 191 878 193 ,
941 217 944 219 ³
1016 142 1116 199 Ξὶίε
1141 137 1306 207 γῦηῖτε
1321 145 1551 216 bederga

174 252 301 302 frido
326 253 385 300 de
416 251 558 300 Nesse
589 251 797 303 Reemre
822 257 869 304 in
893 257 1227 320 Lunden.}[nec
1252 276 1351 308 non
1372 262 1556 324 jacobo
1590 263 1648 309 de
1682 260 1949 332 luneborgh
1972 270 2246 334 Marquarto
2274 274 2398 324 Kalf.

174 319 227 370 ἀ
248 320 507 435 Wtsernero
538 322 723 374 Wrak.
753 324 934 375 ciuibus
964 327 1260 393 Hamburgn.
1293 328 1483 377 testibus
1516 329 1575 376 ad
1596 329 1813 392 premissa
1842 336 2029 384 vocatis
2062 337 2324 403 specialiter
2349 342 2399 392 ὅ(

176 402 296 453 roga
320 403 373 435 as,

946 622 1005 670 Et
1026 636 1118 686 ego
1142 621 1347 686 Jacobus
1389 620 1538 672 dietus
1561 625 1620 672 de
1645 624 1739 675 sete
1760 628 1950 693 Spiritu.
2008 630 2225 684 Clericus
2247 635 2397 686 Ham-

939 757 1081 805 tarius
1105 759 1527 822 recognitionibus.
1564 777 1618 810 ac
1641 764 1857 813 ommibus
1882 766 1977 815 aliis
2000 769 2279 834 supradietis.
2302 787 2394 820 vna

940 836 1051 871 cum
1073 824 1206 891 supra
1221 828 1394 891 scriptis
1410 826 1597 876 testibus
1618 831 1805 895 presens
1818 832 2022 892 interfui,
2037 851 2186 901 eaque
2207 838 2255 885 in
2268 839 2394 886 hanc

938 891 1142 940 formam
1176 894 1411 958 publicam
1434 897 1608 960 redegi.
1656 913 1865 962 meoque
1895 900 2023 968 signo
2053 903 2189 955 solito
2220 904 2394 971 fignaui

936 959 1193 1026 requisitus,
1229 962 1277 1011 in
1298 961 1618 1017 testimonium
1640 966 1868 1017 veritatis.

171 1237 227 1300 b>
259 1233 604 1301 Transscriptio
639 1234 880 1287 literarum
912 1237 1035 1288 Coss
1069 1236 1532 1305 Luneburgenfium,
1566 1239 1701 1306 super
1733 1241 1978 1290 dimidium
2010 1241 2211 1291 chorum
2236 1210 2343 1292 'salis
2364 1242 2393 1291 a

420 1303 799 1355 Testamentario
815 1305 1051 1355 Bernara'i
1061 1305 1116 1355 de
1128 1304 1398 1373 Euerstorpe
1409 1317 1738 1373 comparatum
1753 1342 1767 1369 ,
1789 1325 1948 1359 coram
1963 1308 2174 1360 Process-
2189 1309 2238 1361 ὅ(
2251 1310 2393 1364 Coss.

420 1373 851 1441 Hamburgenfibus
875 1374 998 1423 faeta
1018 1378 1063 1423 A
1098 1389 1237 1437 1345.
1260 1377 1320 1424 de
1342 1392 1420 1438 29.
1440 1375 1627 1441 Aprilis.
2366 1395 2369 1397 ‘

237 1479 267 1511 n
287 1464 482 1515 nomine
512 1468 708 1519 Domini
734 1467 887 1520 amen.
960 1476 1101 1521 Anno
1132 1475 1403 1524 Natiuitatis
1427 1476 1636 1524 eiusdem
1668 1475 1927 1525 Millefimo.
1971 1479 2062 1536 τι)
2099 1476 2251 1526 CCC.
2282 1476 2392 1526 XL.

170 1454 233 1633 l
268 1532 451 1597 quinto.
522 1536 787 1586 Indiffione
830 1542 924 1598 12)
962 1541 1088 1588 XIII.
1122 1542 1289 1590 mensis
1327 1543 1478 1607 aprilis
1503 1545 1576 1591 die
1610 1543 1885 1608 penultima.
1921 1543 2040 1591 hora
2073 1544 2283 1592 meridiei
2315 1543 2413 1591 uel·

269 1599 406 1662 quasi.
452 1602 504 1649 In
526 1604 802 1653 consistorio
827 1607 1175 1655 honorabilium
1227 1611 1309 1671 13>
1350 1610 1398 1659 ὅ(
1429 1611 1736 1659 discretorum
1772 1613 1978 1660 virorum
2016 1613 2160 1659 Dnor.
2186 1625 2393 1676 procon-

169 1664 318 1714 sulum
350 1666 399 1716 &
418 1691 436 1700 -
459 1670 701 1718 consulum
725 1675 853 1736 opidi
878 1674 1173 1739 Hamburgn.
1195 1677 1390 1725 bremen
1412 1679 1535 1726 dioc.
1560 1677 1870 1727 Pontificatus
1894 1677 2151 1727 &mitissimi
2172 1679 2221 1727 in
2245 1678 2391 1727 Chri-

168 1731 241 1781 sto
260 1734 404 1798 patris
427 1735 476 1785 &
514 1739 598 1799 14)
631 1739 906 1789 Dninri-dni
933 1741 1196 1791 Clementis
1219 1746 1516 1808 prouidentia
1550 1760 1674 1808 pape
1713 1748 1793 1807 ¹5)
1836 1745 1952 1794 sexti
1979 1762 2106 1795 anno
2131 1746 2301 1795 Tertio
2324 1746 2390 1793 di-

115 1867 122 1869 4
170 1801 345 1849 scretus
377 1803 450 1850 vir
469 1805 555 1852 dns
576 1806 765 1855 Sifridus
794 1807 984 1873 latecop
1023 1812 1251 1874 presbiter
1281 1813 1605 1876 Hamburgen.
1647 1812 1770 1861 dicte
1807 1815 2014 1862 bremen.
2047 1816 2171 1864 dioc.
2204 1811 2392 1877 requisi-

167 1870 238 1916 uit
260 1884 338 1916 me
361 1872 598 1920 notarium
625 1874 862 1937 publicum
897 1876 1240 1941 infrascriptum
1265 1889 1317 1926 ut
1342 1881 1576 1944 quandam
1612 1889 1856 1944 patentem
1882 1881 2066 1929 literam
2090 1879 2388 1944 impendenti

167 1935 406 2000 sigillatam
439 1938 594 1987 forma
618 1940 744 2005 figilli
776 1944 1006 1991 Rotunda
1027 1945 1075 1994 <Sc
1111 1960 1218 1993 cum
1245 1961 1351 1995 cera
1381 1947 1546 2011 glauca
1581 1950 1626 1995 in
1651 1952 1779 1997 cuius
1803 1948 1929 2014 sigilli
1962 1949 2122 1996 medio
2146 1948 2390 2012 quoddam

166 2002 404 2052 castellum
428 2005 609 2055 habens
634 2016 727 2057 tres
749 2016 897 2060 turres
913 2027 1108 2077 quarum
1149 2016 1231 2075 16)
1268 2017 1424 2062 media
1448 2016 1616 2063 ceteris
1631 2017 1956 2081 preeminebat
1969 2025 2074 2064 erat·
2093 2014 2389 2079 insculptum.

165 2070 324 2119 subtus
349 2087 489 2136 quam
514 2076 717 2125 mediam
742 2080 937 2136 turrim,
971 2081 1161 2143 quidam
1184 2081 1391 2146 clipeus,
1427 2084 1473 2130 in
1490 2084 1618 2131 cuius
1641 2083 1779 2148 clipei
1803 2084 1963 2133 medio
1986 2086 2187 2150 quedam
2204 2096 2387 2147 'ymago

167 2136 318 2186 leonis
342 2142 565 2205 erigentis
589 2146 788 2194 caudam
810 2146 1057 2196 videbatur
1080 2148 1338 2214 impressu&
1372 2151 1421 2200 <Sc
1441 2153 1488 2197 in
1511 2151 1776 2200 summitate
1800 2150 1924 2199 dicte
1946 2152 2101 2199 medie
2125 2152 2260 2199 turris
2276 2162 2390 2214 que-

169 2206 277 2253 dam
292 2222 405 2255 crux
419 2217 518 2258 erat
533 2211 761 2276 impressa.
790 2213 949 2262 Litere
980 2218 1062 2277 17)
1093 2232 1212 2265 vero
1234 2218 1620 2267 circumferentes
1664 2222 1746 2280 18)
1783 2219 1957 2268 dietum
1973 2217 2166 2283 sigillum
2182 2217 2240 2265 fic
2261 2217 2390 2280 lege-

168 2272 355 2322 bantur.
426 2276 636 2340 Sigillum
663 2281 959 2346 burgenfium
981 2285 1039 2330 de
1053 2284 1263 2333 Ciuitate
1277 2285 1580 2334 Luneburch.
1620 2286 1938 2351 exemplarem
1955 2282 2390 2338 transcriberem&

166 2339 215 2387 in
237 2341 471 2404 publicam
494 2344 694 2395 formam
719 2348 795 2397 fibi
818 2351 1096 2413 redigerem.
1139 2354 1268 2402 cuius
1311 2355 1392 2416 ¹9)
1429 2355 1620 2417 quidem
1648 2353 1783 2401 litere
1806 2362 1947 2402 tenor
1961 2353 2062 2400 talis
2076 2352 2140 2400 est
2153 2354 2212 2401 de
2234 2352 2386 2400 verbo

167 2407 443 2457 adverbum
478 2440 494 2451 -
529 2442 547 2452 -
580 2443 597 2451 —
631 2416 733 2463 Nos
755 2415 982 2465 Consules
1005 2418 1224 2468 Ciuitatis
1249 2420 1556 2470 Luneborch.
1585 2420 1807 2470 Albertus
1844 2424 1904 2469 de
1935 2421 2229 2469 molendino,
2247 2418 2405 2477 Her-⁷

168 2489 370 2523 mannus
394 2477 544 2527 Hont.
567 2482 807 2545 Nycolaus
829 2484 1010 2549 garlop.
1043 2476 1322 2537 HartWi'cus
1352 2490 1411 2537 de
1442 2487 1592 2538 salina.
1615 2486 1902 2538 borchardus
1924 2489 2120 2552 Hogeri.
2139 2487 2386 2552 Johannes

165 2541 338 2594 Dicke.
397 2544 638 2608 Johannes
699 2550 880 2616 garlop.
922 2553 1179 2604 thidericus
1223 2555 1474 2606 schlitsten.
1534 2557 1784 2606 Conradus
1826 2555 2116 2621 seghehardi.
2163 2553 2386 2601 Hinricus

165 2609 313 2658 miles.
348 2608 598 2661 leonardus
618 2614 803 2681 longus.
839 2618 1046 2673 Haffeke
1068 2623 1261 2671 'fenore
1292 2624 1576 2688 presentium
1618 2624 1804 2690 publice
1830 2621 2154 2688 protestamur.
2235 2617 2387 2684 Qod

167 2676 578 2728 Commendabilis
598 2683 666 2729 vir
686 2683 859 2734 fifridus
882 2686 1074 2754 latecop
1109 2692 1338 2754 presbiter
1369 2693 1692 2757 Hamburgen.
1729 2698 1960 2740 executor
2000 2688 2242 2753 quondam
2282 2690 2386 2734 ber-

165 2746 299 2792 nardi
322 2746 382 2792 de
405 2746 684 2814 Euerstorpe
709 2753 822 2800 ciuis
852 2754 1177 2821 Hamburgen.
1200 2759 1249 2806 in
1266 2755 1550 2808 testamento
1581 2775 1666 2825 per
1686 2760 1836 2824 ipsum
1861 2757 2079 2804 ordinato
2112 2757 2384 2819 deputatuS,

167 2812 409 2860 dimidium
440 2811 643 2864 chorum
675 2815 772 2866 salis
802 2820 851 2867 in
883 2821 1035 2870 Salina
1067 2825 1282 2887 quolibet
1313 2824 1509 2874 flumine
1543 2827 1858 2893 proueniente
1883 2822 2143 2871 tollendum
2166 2823 2214 2869 in
2236 2823 2384 2870 domo

166 2877 537 2944 Denqueringhe
559 2884 606 2931 in
631 2882 856 2950 sartagine
881 2903 971 2952 que
993 2890 1247 2954 vulgariter
1269 2893 1438 2942 dicitur
1460 2896 1771 2959 Wechpanne
1794 2893 1852 2939 ad
1877 2888 2095 2938 sinistram
2117 2904 2312 2938 manum
2333 2888 2385 2939 in

167 2944 367 2995 introitu
392 2946 516 2998 diere
538 2951 706 3004 domus
728 2968 837 3005 cum
860 2957 1060 3017 pecunia
1085 2957 1195 3006 dieti
1218 2961 1433 3010 bernardi
1455 2963 1531 3027 pie
1553 2960 1810 3016 memorie,
1847 2972 1902 3006 ac
1925 2958 2167 3005 additione
2191 2956 2385 3022 proprie

165 3015 370 3078 pecunie
408 3031 549 3082 quam
572 3017 702 3070 Idem
736 3021 928 3071 Sisi-idus
962 3023 1204 3075 addiderat
1236 3036 1567 3094 comparatum
1588 3030 1786 3078 donauit
1819 3026 1870 3078 ὅτ.
1891 3024 2041 3078 divisit
2063 3023 2255 3075 ecclesie
2278 3026 2386 3071 bea-

2221 3098 2411 3145 torum‘

940 690 1107 752 burgn.
1128 691 1280 739 Brem.
1303 691 1453 756 Dyoc.
1480 691 1694 756 publicus
1716 698 1994 748 auetoritate
2033 702 2262 766 Imperiali
2283 704 2396 765 {No-⁴
2484 702 2488 704 “
