2541 3415
210 153 236 208 '3
251 157 311 209 30
1078 142 1175 200 22>oe
1204 151 1351 197 uicere
1374 147 1588 213 herlage

207 263 306 308 hoc
329 269 690 326 procuratorem
711 260 981 326 hujusmodi
996 262 1407 322 altercationibus,
1440 266 1487 314 6<
1511 267 1574 312 eis
1590 265 1838 326 diligenter
1858 264 2090 329 inspeffis,
2117 266 2322 329 quodam
2337 268 2428 316 alio

206 327 260 377 ὅ(
280 330 580 393 competenti
603 329 811 378 termino
836 331 900 378 eis
924 332 981 378 ad
1005 332 1100 379 hoc
1133 331 1306 381 statuto
1331 333 1378 382 ὃς
1403 332 1628 395 affignato
1660 333 1708 380 δε
1742 359 1755 368 -
1789 357 1810 365 -
1843 362 1857 391 3
1894 335 1940 380 in
1966 334 2264 396 praesentibus
2289 335 2429 400 inter.

205 394 453 459 loquendo
476 398 895 460 pronunciavimus
922 399 968 445 in
994 400 1194 464 negotio
1218 401 1516 446 executionis
1541 398 1813 460 hujusmodi
1840 401 1896 446 ad
1923 401 2142 448 ulteriora
2168 403 2428 465 proceden-

205 463 321 510 dum
343 462 449 511 fore
473 464 521 514 ὅ(
546 465 742 529 procedi
776 466 976 521 debere,
1013 467 1375 529 exceptionibus
1408 465 1542 529 ipfius
1577 465 1770 511 Domini
1813 464 2000 513 Nicolai
2034 470 2352 531 procuratoris
2379 471 2429 520 ὃς
2496 482 2499 484 ’

205 528 302 578 aliis
325 530 372 577 in
399 532 688 580 contrarium
720 531 932 597 allegatis
964 548 1061 579 non
1103 533 1419 587 obstantibus,
1446 533 1493 580 ἂ
1517 531 1821 578 nihilominus
1856 535 1912 578 ad
1947 534 2080 597 ipsius
2107 535 2314 599 Magistri
2349 537 2430 600 jo.

203 596 374 659 hannis
401 599 620 662 Quentin
653 598 972 647 Procuratoris
1006 598 1268 646 instantiam
1296 601 1500 646 eundem
1533 600 1790 646 Dominum
1826 599 2072 648 Nicolaum
2095 601 2429 665 Deghenhardi

205 676 267 711 ex
288 665 484 714 adverso
508 674 864 732 procuratorem
880 668 964 722 ,ad
987 667 1242 714 videndum
1267 666 1315 715 ὅ(
1337 667 1624 715 audiendum
1648 666 1865 715 articulos
1880 682 1966 731 per
1988 669 2134 732 ipsum
2156 670 2427 734 Magistrum

204 730 476 795 Johannem
501 733 756 798 produffi’tos
779 734 827 781 ὃς
852 733 935 779 alia
960 748 1044 796 per
1068 748 1177 779 eum
1211 733 1450 798 proposita
1475 734 1523 782 ὅ(
1546 732 1743 797 allegata
1768 736 1825 780 ad
1860 736 2156 798 probandum
2183 737 2427 787 summarie

204 800 418 858 admitti,
452 800 687 864 testesque
709 800 904 862 desuper
933 801 989 846 ad
1006 796 1215 863 juratum
1243 801 1290 849 ὅ(
1322 804 1601 865 deputatum
1633 802 1880 849 citavimus
1913 803 1962 851 ὅ(
1984 803 2115 850 citari
2148 802 2346 851 fecimus
2367 807 2426 853 ad

203 874 387 915 certum
412 868 786 931 peremptorium
818 869 1074 914 terminum
1112 876 1505 931 competentem,
1543 870 1589 915 in
1623 884 1718 932 quo
1745 871 2012 932 comparuit
2044 868 2323 931 judicialiter
2347 888 2427 920 co-

199 948 300 981 ram
325 935 462 982 nobis
487 933 605 996 saepe
629 933 778 982 olisius
812 930 1039 997 Magister
1060 932 1305 992 Johmmes
1332 936 1543 1004 Qemin
1574 937 1907 1001 procuratorio
1935 951 2028 1000 quo
2051 937 2181 1001 supra
2213 939 2424 997 nomine,

201 999 250 1049 ὅ(
273 1000 409 1064 ipfius
433 1001 626 1048 Domini
649 997 836 1050 Nic-'olai
858 1017 918 1048 ex
942 1002 1138 1051 adverso
1164 1007 1484 1067 procuratoris
1508 1020 1605 1051 non
1629 1006 1950 1068 comparentis
1975 1006 2325 1052 contumaciam
2347 1023 2426 1054 ac·

199 1066 397 1123 cusavit,
431 1068 479 1117 <Sc
503 1067 548 1115 in
570 1066 670 1132 ejus
694 1070 1045 1117 contumaciam
1071 1068 1222 1118 distos
1254 1070 1476 1119 articulos
1506 1072 1553 1121 <Sc
1585 1069 1670 1119 alia
1695 1086 1780 1135 per
1815 1086 1921 1119 eum
1955 1070 2104 1136 posita
2137 1071 2185 1120 ὃ(
2209 1071 2423 1136 allegata,
2482 1078 2485 1081 “

199 1133 340 1198 seque
361 1134 410 1184 ὅ(
435 1143 617 1197 partem
639 1135 765 1184 suam
788 1137 846 1183 ad
871 1138 1196 1199 probandum,
1230 1153 1409 1203 eosque
1433 1139 1482 1188 <Sc
1504 1138 1642 1186 testes
1678 1141 1874 1199 desuper
1897 1138 1945 1187 &
1968 1153 2134 1185 eorum
2158 1138 2437 1201 juramenta·

196 1202 346 1265 recipi
366 1201 589 1250 instanter
611 1204 815 1268 petiit&
838 1203 1103 1268 postulavit.
1177 1208 1278 1253 Nos
1299 1214 1413 1253 tunc
1437 1205 1614 1254 dietum
1636 1207 1724 1253 Dn.
1751 1203 1999 1254 Nicolaum
2023 1220 2082 1253 ex
2108 1208 2301 1254 adverso
2316 1223 2424 1272 pro-

196 1276 467 1316 curatorem
499 1286 597 1317 non
630 1280 1021 1334 comparentem,
1068 1271 1181 1320 licet
1211 1273 1371 1321 debite
1405 1272 1726 1337 exspe&atum
1748 1307 1761 1330 ,
1820 1271 2191 1336 exspectavimus
2227 1278 2418 1332 merito,

196 1343 343 1397 prout
364 1345 465 1384 erat
485 1339 678 1401 exigens
695 1335 870 1401 justitia
897 1343 1234 1393 contumaciae,
1273 1341 1319 1390 ὃς
1343 1342 1389 1387 in
1411 1338 1511 1402 ejus
1539 1340 1890 1388 contumaciam
1915 1339 2050 1404 super
2077 1339 2227 1388 <finos
2251 1342 2421 1388 articu-

196 1401 298 1459 los,
336 1404 385 1453 ὅ(
408 1404 519 1461 alia,
554 1420 638 1467 per
660 1402 807 1469 ipsum
836 1408 899 1453 M.
928 1404 1194 1463 Johmmem
1218 1407 1429 1475 ,Qqentin
1453 1408 1693 1473 proposita
1720 1408 1769 1457 ὅ(
1793 1407 1990 1471 allegata
2021 1411 2078 1455 ad
2105 1408 2421 1471 probandum,

197 1471 547 1519 admittendum
570 1473 1142 1531 duximus&admis1mus,
1158 1491 1212 1522 ac
1238 1479 1285 1523 in
1309 1475 1499 1523 similem
1524 1477 1986 1523 contumaciam'non
2001 1474 2152 1522 nullos
2167 1474 2305 1522 testes
2331 1474 2424 1523 fide

195 1538 367 1601 dignos
391 1538 588 1592 citatos,
626 1540 917 1604 produitos,
944 1541 1117 1588 ibidem
1141 1544 1416 1606 praesentes,
1445 1540 1797 1604 acjudicialiter
1811 1550 2143 1605 comparentes
2159 1539 2423 1590 admisimus

196 1619 462 1670 eorumque
482 1606 613 1653 solita
631 1604 901 1669 juramenta
925 1609 1176 1671 recipimus
1211 1625 1265 1655 ac
1289 1608 1538 1673 diligenter
1563 1611 1958 1665 examinavimus,
1995 1623 2051 1671 ac
2085 1610 2342 1656 examinari
2374 1609 2424 1659 <Sc

197 1672 482 1736 interrogari
505 1673 720 1720 fecimus.
790 1675 849 1721 Et
872 1675 1064 1721 demum
1088 1675 1135 1721 in
1161 1677 1368 1739 quodam
1392 1676 1483 1724 alio
1514 1678 1809 1740 competenti
1834 1675 2332 1740 termino'faepedi&us
2355 1678 2421 1724 M.

193 1737 436 1802 Johannes
451 1740 666 1802 Qentin
683 1743 1031 1805 procuratorio,
1056 1758 1151 1805 quo
1176 1744 1322 1807 supra,
1344 1743 1554 1799 nomine,
1576 1745 1901 1807 procuratorie
1915 1743 2149 1806 quandam
2175 1744 2421 1806 petitionis
2490 1785 2501 1789 „

195 1804 412 1854 cedulam
438 1805 609 1854 fastam
631 1807 679 1855 ὅ(
713 1809 978 1870 inscriptam
1013 1824 1175 1856 coram
1210 1811 1343 1857 nobis
1363 1807 1649 1872 judicialiter
1682 1807 1897 1858 exhibuit
1936 1807 2208 1872 hujusmodi
2241 1812 2319 1858 sub
2355 1819 2425 1858 te-

192 1888 341 1921 nore:
373 1872 502 1922 Petit
526 1873 813 1921 Procurator
834 1875 882 1923 ὅ(
908 1889 969 1921 eo
1001 1875 1196 1921 nomine
1221 1876 1530 1923 discretorum
1562 1878 1787 1924 Virorum
1822 1874 2021 1924 Arnoldi
2051 1892 2147 1924 van
2179 1876 2420 1932 Kretelen,

192 1937 385 1988 Hinrici
409 1936 692 2001 BursteMes,
733 1938 967 1989 Wilhehni
988 1937 1249 2006 Huffi’ken,
1287 1943 1335 1992 ὅ(
1361 1943 1560 1990 aliorum
1587 1941 1904 2008 opidanorum
1927 1941 2351 2007 Hamburgenſsum
2372 1946 2421 1992 in

193 2004 308 2054 affls
332 2006 473 2054 caufis
496 2004 768 2070 hujusmodi
794 2010 1146 2056 nominatorum
1173 2010 1499 2075 principalium
1519 2011 1702 2059 suorum
1731 2026 1816 2075 per
1838 2026 1925 2058 vos
1941 2010 2014 2058 vel
2040 2025 2123 2074 per
2145 2026 2191 2074 p.
2207 2011 2421 2058 Dn.Fre-

194 2070 404 2122 clericum
425 2072 678 2132 Abbatem,
715 2075 930 2139 Judicem
955 2076 1002 2124 ὅ(
1037 2087 1349 2125 executorem
1377 2078 1618 2142 praefatum
1651 2094 1813 2126 veram
1850 2077 2075 2125 summam
2101 2079 2420 2141 pronunciari,

195 2141 390 2189 decerni
404 2157 459 2189 ac
472 2142 645 2191 declari
670 2144 1033 2205 praenominatos
1056 2142 1299 2192 Stederum
1317 2144 1527 2200 Adeken,
1543 2144 1802 2194 Hanneken
1821 2143 1996 2199 Siades,
2017 2142 2259 2193 Stederum
2280 2144 2420 2198 Rode,

192 2206 459 2270 Hcmneken
489 2207 745 2263 Alverkes,
790 2208 1076 2258 Babekimtm
1110 2211 1291 2271 Kotze,
1337 2211 1532 2261 Edelum
1559 2211 1615 2260 de
1636 2213 1750 2271 vista
1783 2210 1919 2276 Spyk,
1944 2210 2145 2260 Edonem
2171 2209 2298 2259 Edds
2318 2211 2418 2274 ejus

194 2273 339 2322 filium
370 2273 728 2324 Wichmanmtm
764 2274 820 2323 tle
848 2275 1204 2341 Padmgbz‘ittel,
1241 2280 1290 2328 ὃ(
1316 2278 1525 2328 §iberum
1559 2278 1800 2344 Heyneken
1830 2277 1998 2327 Elvers
2030 2279 2076 2327 ὅ(
2108 2278 2214 2326 suos
2246 2280 2292 2326 in
2327 2279 2419 2326 hac

195 2348 332 2405 parte
358 2343 614 2408 complices
636 2344 683 2393 ὃ(
705 2343 1009 2407 coadjutores
1032 2346 1078 2392 in
1105 2344 1215 2393 attis
1230 2347 1373 2394 causae
1399 2348 1534 2410 hujus
1552 2351 1663 2396 acin
1679 2347 1882 2411 ipsorum
1908 2346 2259 2409 procurationis
2283 2355 2417 2388 man-

195 2410 338 2465 dato,
376 2424 534 2457 coram
559 2412 694 2458 vobis
731 2411 966 2475 prodirem
1001 2416 1301 2469 nominatos,
1339 2416 1681 2462 inhabitatores
1713 2423 1846 2461 terrae
1879 2408 2142 2456 Wursatiae
2180 2408 2226 2456 δε
2250 2423 2416 2455 eorum

196 2475 457 2539 quemlibet
480 2478 526 2524 in
553 2478 700 2541 specie
726 2479 772 2527 ὅ(
797 2479 1083 2541 generaliter
1117 2495 1284 2528 omnes
1309 2481 1355 2529 ὅ(
1380 2481 1581 2543 singulos
1606 2480 1814 2540 ejusdem
1839 2485 1972 2524 terrae
2004 2472 2343 2522 inhabitatores
2366 2475 2415 2524 ὅ(

195 2543 373 2590 incolas
397 2558 655 2608 eorumque
677 2545 986 2602 consiliarios,
1010 2547 1218 2594 fautores
1239 2548 1287 2596 ὃς
1308 2545 1573 2594 defensores
1587 2553 1784 2609 propter
1797 2559 1894 2591 non
1908 2542 2247 2590 restitutionem
2264 2543 2414 2589 bono-

193 2624 297 2658 rum
322 2609 698 2673 naufragiorum,
731 2614 788 2659 de
814 2616 980 2674 quibus
1006 2613 1084 2658 hic
1109 2614 1260 2674 agitur
1297 2613 1475 2658 eisdem
1501 2613 1713 2676 opidanis
1747 2613 1793 2659 ὅ(
1827 2626 1992 2657 eorum
2019 2608 2210 2656 cuilibet
2236 2608 2415 2657 facien-

193 2678 331 2738 dam,
366 2691 454 2723 nec
477 2691 573 2724 non
598 2677 940 2726 restitutionem
965 2678 1106 2741 ipsam
1130 2679 1463 2742 impedientes,
1489 2695 1543 2726 ac
1567 2680 1632 2726 eis
1654 2681 1699 2726 in
1726 2680 1820 2726 hoc
1846 2680 2010 2724 dantes
2036 2674 2274 2731 auxilium,
2299 2691 2413 2724 con-

196 2742 341 2790 filium
364 2743 410 2792 <Sc
431 2743 642 2791 favorem
669 2747 1174 2794 excommunicationis
1212 2747 1486 2794 sententiam
1519 2746 1566 2795 ὅ(
1599 2746 1707 2793 alias
1732 2760 1897 2809 penas,
1935 2749 2101 2789 contra
2136 2756 2191 2788 ea
2215 2751 2412 2807 propter

193 2809 426 2858 hoclatas
451 2812 499 2860 ὅ(
526 2807 970 2869 ἰηΗίἃεείηεὶἀίίῖε,
1019 2827 1074 2860 ac
1109 2812 1233 2875 ipsos
1261 2813 1319 2860 fic
1352 2815 1795 2861 excommunicatos
1828 2809 2135 2879 declarandos
2160 2824 2213 2856 ac
2236 2811 2412 2857 denun-

195 2877 393 2926 ciandos
427 2879 561 2938 fore,
596 2893 650 2925 ac
677 2892 760 2941 per
795 2892 883 2925 vos
910 2879 1158 2936 declarari,
1195 2880 1465 2930 denunciari
1497 2882 1544 2930 ὅ(
1579 2880 1819 2933 mandari,
1866 2877 2116 2940 literasque
2151 2884 2412 2941 oportun-as

194 2944 392 3011 destrper
409 2945 458 2997 in
490 2946 646 2997 forma
676 2944 807 2996 solita
840 2946 888 2997 <Sc
916 2947 1138 2996 consueta
1173 2948 1364 2998 decerni
1396 2950 1444 3000 ὅ(
1470 2949 1699 3007 concedi,
1734 2945 1956 3019 ipsosque
1991 2944 2050 2992 sic
2084 2944 2341 2993 declaratos
2363 2946 2411 2991 in

2231 3026 2407 3077 expen-
