2541 3415
678 154 923 206 Proceffus
935 153 1118 218 Papalis
1152 149 1688 206 Excommunicatorius.
2199 167 2260 216 54
2271 167 2291 204 r

79 275 199 338 hora
218 291 513 355 vesperarum
538 279 762 328 consueta
785 278 843 325 ad
863 273 939 339 jus
963 273 1256 322 reddendum
1279 271 1327 320 <Sc
1348 271 1502 318 causas
1518 273 1769 320 audiendas
1782 288 1869 337 pro
1894 273 2109 322 tribunaii
2134 273 2294 319 seden-

82 357 203 410 tibus
228 356 306 405 sub
327 367 452 402 anno
476 349 502 396 a
525 347 773 395 nativitate
796 344 989 392 Domini
1014 340 1288 396 Millefimo,
1321 337 1776 403 quadringentesimo
1797 339 2148 404 quadragesimo
2163 340 2295 403 quin-

81 438 161 484 to,
194 421 450 471 induitione
476 414 645 464 oecava
669 416 743 462 die
774 427 892 462 vero
920 410 1128 466 veneris,
1165 406 1385 455 vicefima
1417 405 1546 454 sexta
1574 406 1862 453 Novembris
1890 403 2187 469 praesentibus
2202 406 2296 453 ‘ibi-

79 498 187 542 dem
212 489 410 538 discreto
432 486 535 533 viro
560 483 770 530 Domino
801 479 1004 546 johanni
1027 477 1200 526 Kuden
1221 474 1504 538 Presbytero
1526 487 1580 521 ac
1605 472 1830 521 Diderico
1853 474 2161 536 Wedeghen
2187 473 2294 523 cive

78 556 366 614 Lubicense,
395 551 610 601 Testibus
634 552 692 597 ad
717 548 941 615 praemissa
964 548 1146 596 vocatis
1171 541 1426 608 specialiter
1450 556 1506 589 ac
1537 541 1727 606 rogatis

189 726 269 811 4.
345 684 879 782 interdictum
939 706 1228 774 ‘contra
1274 674 1712 773 Wursatos.
1766 682 1922 769 An.
1963 680 2185 788 1446.

1020 830 1123 898 29.
1189 810 1342 899 Juiu.

198 958 424 1008 ridericnt
459 982 475 992 -
508 987 530 995 -
565 988 581 997 -
618 988 635 998 -
665 957 909 1005 Noveritis
934 957 1061 1021 quod
1085 970 1171 1004 nos
1204 969 1356 1020 nuper
1389 952 1673 1003 auctoritate
1699 948 1958 1018 apostolica
1981 946 2116 996 nobis
2140 946 2186 994 in
2208 945 2300 993 hac

215 1036 348 1093 parte
372 1024 615 1074 commissa
631 1025 686 1072 ad
713 1025 901 1088 providi
926 1025 1012 1072 viri
1043 1055 1058 1062 -
1095 1053 1112 1061 -
1145 1053 1158 1063 -
1195 1050 1216 1060 -
1250 1038 1513 1087 omnesque
1538 1018 1928 1084 alios&fingulos
1942 1014 2151 1080 ejusdem
2166 1015 2301 1061 terrae

217 1095 558 1143 inhabitatores
581 1092 628 1140 &
650 1092 828 1139 incolas
851 1091 1074 1141 scelerum
1100 1092 1219 1138 infra
1242 1091 1521 1155 scriptorum
1547 1097 1810 1153 patratores
1834 1088 1879 1134 in
1904 1097 2108 1149 genere,
2158 1096 2216 1129 ex
2240 1095 2301 1133 eo

79 1163 127 1212 ὅ(
154 1177 241 1225 pro
266 1177 352 1212 eo,
387 1161 492 1223 quia
516 1159 653 1223 aiiqui
681 1174 849 1207 eorum
873 1175 1044 1208 navem
1070 1158 1162 1207 ssve
1187 1155 1676 1222 navigium-Ludekini
1703 1151 1949 1219 Weghenes
1964 1158 2115 1200 nautae
2137 1149 2300 1213 &opi-

79 1229 186 1281 dani
213 1226 443 1292 saepedicti
468 1228 596 1290 opidi
624 1226 987 1291 Hamburgenfis
1012 1227 1164 1290 prope
1189 1224 1359 1274 dietam
1392 1241 1558 1274 eorum
1582 1226 1754 1272 terram
1781 1221 2089 1287 periciitatam
2114 1215 2303 1265 temeri-

77 1302 176 1345 tate
200 1296 392 1361 propria
415 1293 713 1349 invaserunt,
751 1310 804 1342 ac
830 1297 953 1342 bona
972 1310 1044 1342 res
1066 1294 1115 1342 ὃς
1138 1308 1318 1342 merces
1341 1302 1455 1341 tunc
1477 1294 1523 1341 in
1559 1295 1730 1340 eodem
1757 1290 1946 1353 navigio
1985 1285 2230 1334 existentia
2253 1282 2304 1332 δε

79 1363 330 1411 exist-entes
347 1393 363 1420 ,
395 1377 450 1410 ac
472 1361 627 1426 aliqua
650 1363 795 1410 etiam
818 1378 901 1426 per
913 1371 1169 1410 ventorum
1190 1363 1451 1411 &marium
1474 1376 1565 1408 nec
1589 1376 1687 1408 non
1703 1372 1927 1422 aquarum
1942 1354 2302 1402 vehementiam

77 1433 137 1479 de
160 1431 258 1495 ipso
282 1430 472 1493 navigio
493 1430 550 1476 ad
573 1429 700 1478 iittus
723 1430 815 1478 five
838 1437 1010 1477 terram
1037 1429 1306 1494 praefflthm
1330 1428 1547 1490 impulsas
1570 1428 1618 1476 &
1645 1424 1863 1489 impulsa,
1883 1438 1974 1470 nec
1997 1437 2093 1468 non
2116 1421 2172 1466 ad
2186 1433 2306 1484 prae-

76 1497 229 1547 diE‘tos
253 1497 300 1546 ὃς
322 1496 436 1544 alios
468 1506 583 1544 tunc
607 1499 883 1546 nominatos
917 1499 1152 1559 opidanos
1185 1495 1415 1559 saepedifi‘ti
1446 1496 1576 1558 opidi
1610 1490 1974 1556 Hamburgenfis
2007 1485 2302 1549 conjunffim

75 1564 125 1615 &
146 1563 321 1613 divisim
352 1564 623 1628 perinentes
658 1565 706 1612 ὅ(
730 1564 1044 1627 pertinentia,
1075 1565 1332 1626 dampnata
1361 1563 1623 1625 cupiditate
1653 1566 1935 1625 rapuerunt,
1975 1555 2229 1619 spoliarunt
2253 1551 2303 1602 δε

75 1632 398 1697 diripuerunt,
436 1645 491 1678 ac
518 1645 573 1678 ea
594 1630 644 1679 <Sc
666 1646 744 1679 eas
768 1630 923 1679 secum
958 1632 1285 1695 asportarunt,
1316 1631 1633 1678 vendiderunt
1654 1629 1701 1676 ὃς
1730 1630 1777 1675 in
1810 1626 1914 1673 suos
1937 1625 2040 1670 usus
2064 1620 2305 1669 damnabi-

75 1698 145 1748 les
169 1706 541 1751 converterunt,
574 1698 646 1747 aiii
669 1700 766 1746 hoc
789 1697 890 1746 fieri
923 1699 1207 1747 mandarunt
1232 1698 1280 1747 δῖε
1313 1700 1361 1745 in
1384 1698 1479 1744 hoc
1511 1696 1559 1745 ὅ(
1584 1698 1641 1743 ad
1669 1691 1765 1741 hoc
1793 1692 2028 1740 dederunt
2062 1688 2304 1745 auxiiium,

38 1803 40 1805 -
75 1764 382 1830 consilium&
404 1766 724 1832 favoremper
739 1764 915 1814 nostras
939 1766 1055 1813 certi
1079 1765 1425 1813 tenor-isiiteras
1451 1764 1499 1814 &
1524 1761 1760 1829 processus
1785 1756 2306 1808 excommunicatorios

75 1832 263 1900 publice
284 1834 558 1882 denunciari
580 1834 911 1883 mandavimus
939 1832 988 1882 <Sc
1010 1833 1208 1882 fecimus
1230 1833 1411 1897 primo,
1447 1847 1503 1879 ac
1527 1832 1697 1879 deinde
1732 1836 1929 1893 propter
1959 1839 2126 1873 eorum
2152 1823 2305 1872 multi·-

41 1966 43 1969 -
75 1902 624 1968 plicemcontumaciam
651 1900 888 1967 processus
921 1900 1104 1949 nostros
1129 1898 1402 1965 hujusmodi
1432 1916 1486 1947 ac
1512 1914 1656 1964 penas
1681 1899 1726 1944 in
1747 1898 1812 1944 eis
1837 1901 2120 1951 contentas,
2157 1892 2307 1940 serva·

78 1970 138 2018 tis
161 1971 285 2017 circa
308 1970 403 2017 hoc
426 1970 598 2018 merito
619 1970 852 2019 servandis
878 1970 1268 2034 aggravavimus,
1304 1970 1353 2018 ὅ(
1376 1967 1627 2016 succeffive
1653 1981 1763 2013 cum
1789 1965 1931 2013 trium
1958 1962 2138 2009 dierum
2161 1960 2307 2007 inter-

75 2037 208 2084 vallis
220 2037 812 2099 reaggravavimus,iiteras
826 2037 873 2085 ὅ(
887 2035 1128 2100 proceffus
1142 2045 1318 2100 oportu
1334 2051 1420 2083 nos
1436 2036 1633 2097 desuper
1646 2032 1970 2084 decernendo,
1986 2036 2129 2092 prout
2143 2029 2242 2073 haec
2258 2025 2307 2073 &

78 2101 165 2151 alia
190 2103 238 2149 in
266 2103 442 2149 eisdem
465 2104 660 2149 nomine
683 2104 1052 2151 denunciatoriis
1074 2105 1257 2165 primo,
1284 2119 1339 2150 ac
1361 2104 1532 2151 deinde
1558 2102 1752 2147 nomine
1773 2095 2113 2161 aggravatoriis
2139 2094 2186 2142 ὅς
2211 2094 2306 2141 suc-

78 2166 253 2218 ceffive
272 2169 664 2233 reaggravatoriis
687 2168 827 2217 literis
848 2171 896 2219 &
920 2166 1205 2233 proceffibus
1221 2201 1235 2225 ,
1273 2184 1391 2231 quos
1416 2183 1470 2215 ac
1492 2183 1657 2214 eornm
1681 2166 1728 2214 ὅ(
1753 2162 2004 2227 cnjusiibet
2037 2177 2201 2209 eorum
2226 2174 2308 2208 ve-

77 2252 182 2285 rum
206 2244 425 2284 tenorem
451 2237 528 2284 hic
562 2236 724 2284 haberi
752 2236 972 2284 volumus
1008 2251 1096 2299 pro
1123 2233 1416 2282 sufficienter*
1437 2235 1615 2282 insertis
1650 2232 1699 2282 ὃ(
1722 2227 1961 2296 expreffis.
2032 2230 2089 2277 Et
2113 2230 2219 2293 quia
2246 2242 2308 2274 ex

81 2303 324 2369 querulosa
345 2303 656 2352 insinuatione
690 2302 938 2367 supradiffi
969 2298 1190 2366 Magistri
1212 2300 1450 2360 Johannis
1477 2300 1688 2369 Qentin
1719 2298 2084 2365 procuratorio,
2122 2311 2217 2360 quo
2240 2295 2305 2343 su·

77 2373 162 2437 pra
191 2371 414 2429 nomine,
450 2387 611 2419 coram
637 2373 773 2420 nobis
800 2379 1054 2436 propterea
1077 2368 1345 2426 constituti,
1374 2370 1420 2418 ὃ(
1445 2369 1690 2417 ulteriores
1717 2364 1954 2433 processus
1969 2363 2151 2412 nostros
2178 2364 2305 2413 vide-

77 2439 190 2488 licet
213 2440 623 2502 reaggravatorios
649 2454 755 2486 cum
785 2454 952 2486 eorum
977 2438 1135 2485 debita
1166 2439 1453 2485 executione
1486 2435 1848 2491 renroducentis
1871 2434 2169 2497 percepimus
2195 2430 2307 2487 dici,

77 2507 368 2563 denunciari,
407 2508 666 2569 aggravari,
693 2507 738 2555 ὅ(
763 2506 1061 2570 reaggravari
1086 2502 1356 2567 hujusmodi
1394 2502 1631 2568 processus
1670 2500 1852 2549 nostros
1880 2501 2306 2565 reaggravatorios,

78 2590 187 2622 cum
211 2575 345 2638 penis
369 2574 414 2620 in
439 2575 616 2621 eisdem
645 2575 908 2630 contentis,
943 2587 1027 2636 per
1051 2579 1143 2620 tres
1167 2572 1347 2620 menses
1372 2572 1419 2621 ὅ(
1445 2567 1599 2627 ultra,
1623 2569 1871 2635 postquam
1894 2569 1952 2615 ad
1976 2567 2308 2632 eorumdecu·

70 2638 265 2704 juslibet
290 2656 456 2689 eorum
485 2642 796 2689 indubitatam
822 2642 1119 2689 devenerunt
1140 2639 1189 2689 ὅ(
1214 2640 1518 2687 verisimiliter
1533 2639 1760 2687 devenire
1786 2643 2047 2702 potuerunt
2067 2635 2306 2689 notitiam,

80 2708 415 2761 sustinuerunt,
453 2716 599 2774 prout
622 2708 843 2756 sustinent
866 2710 923 2755 de
948 2706 1186 2772 praesenti,
1225 2707 1479 2756 Pharaonis
1500 2708 1720 2754 duritiam
1744 2705 1974 2753 imitando
1991 2737 2005 2760 ,
2028 2706 2085 2751 ad
2109 2703 2307 2750 modum

78 2777 287 2840 aspidum
312 2777 575 2833 surdarum,
601 2792 736 2824 aures
763 2777 857 2823 suas
883 2775 1312 2833 obturantiurnme
1335 2776 1525 2823 audiant
1547 2789 1723 2823 vocem
1745 2772 2047 2821 incantantis.
2118 2769 2306 2816 Etadeo

79 2844 492 2906 pereundemM.
522 2842 782 2902 Johmmm
815 2842 1020 2911 ,Qz'entin
1045 2843 1439 2899 Procuratorem,
1476 2858 1571 2907 quo
1603 2844 1761 2906 supra,
1795 2840 2016 2896 nomine⁷
2053 2837 2212 2885 debite
2238 2849 2308 2882 re-

49 2947 52 2949 .
84 2909 234 2974 quifiti
258 2913 452 2960 eosdem
481 2913 822 2962 inhabitatores
848 2908 981 2959 terrae
1001 2910 1264 2959 Wursatiae
1300 2925 1359 2958 ex
1392 2910 1586 2959 adverso
1625 2924 1711 2973 per
1732 2908 2013 2970 Principales
2051 2906 2108 2952 fic
2131 2906 2308 2950 denun-

84 2980 261 3038 ciatOS,
297 2987 604 3044 aggravatOS,
638 2980 687 3033 δε
710 2986 1074 3046 reaggravatm,
1112 2992 1200 3027 nec
1221 2979 1319 3102 nol}
1349 2978 1681 3028 honorabilem
1703 2978 1855 3027 virum
1877 2974 2135 3023 Dominum
2169 2970 2309 3087 {Vim

1331 3057 1358 3100 u
1400 3060 1422 3109 3
2190 3054 2302 3089 stum
