2541 3415
611 84 886 151 &amtung
906 97 1013 137 von
1033 70 1402 150 OEestammren,
1439 88 1770 163 Stifftungen
1801 101 1868 152 κζ
2253 104 2357 170 ἓιθξ

130 175 418 250 Venerabile
440 195 713 263 Capitulum
730 169 2355 274 mm}

131 267 540 322 constituentesjn,
564 264 691 328 pium
716 263 844 310 usum
875 269 1162 311 convertere
1199 263 1249 314 ὅ(
1273 265 1334 312 de
1357 264 1443 314 illis
1465 261 1801 334 tria'stipendia
1822 276 1870 321 in
1900 290 2186 339 perpetuum
2214 281 2353 333 dura-

131 341 235 384 tura
258 351 345 400 pro
371 325 650 398 pauperibus
667 329 1045 394 &indigentibus
1068 330 1115 377 in
1138 329 1261 380 dieta
1286 332 1517 383 Rostoch:
1541 343 1623 384 aut
1644 336 1731 385 alia
1754 342 2017 402 approbata
2039 345 2369 396 Univerfitate·

129 400 365 450 literarum
389 399 537 446 studio
565 396 763 446 insistere
788 398 984 463 cupiens
1005 398 1187 462 erigere
1215 399 1264 449 ὅ(
1289 399 1540 450 instaurare
1562 436 1577 460 ‚
1609 405 1676 452 ita
1710 408 1841 469 quod
1869 407 2063 470 quilibet
2096 411 2280 466 studens
2304 415 2355 464 in

129 467 371 517 subsidium
396 464 458 513 sui
481 463 618 514 studii
640 466 840 529 recipiet
863 465 1108 514 annuatim
1143 466 1311 530 viginti
1344 484 1523 518 marcas
1547 470 1830 521 Lubicenses
1853 505 1869 530 ,
1905 488 2111 537 quorum
2137 495 2256 536 vero
2280 479 2354 531 sti·
2425 511 2432 513 e

126 536 411 601 pendiorum
436 548 582 580 unum
607 532 853 596 praefatum
879 531 1156 598 Capitulum
1179 534 1355 584 Hambz
1379 536 1589 586 Ecclessae
1611 572 1627 596 ‚
1664 539 1842 605 reliqua
1863 555 1983 591 vero
2006 543 2102 591 duo
2125 544 2355 610 stipendia

127 600 398 650 Concilium
425 598 558 649 diecae
584 599 904 650 Universitatis
927 599 1158 649 Rostoch:
1183 602 1392 652 habeant
1415 606 1678 665 conferre,
1729 622 1877 657 unum
1911 612 2109 674 pauperi
2136 615 2323 663 novitio
2334 645 2353 679 ,

125 668 326 718 alterum
352 683 472 716 vero
494 676 724 733 promoto
749 666 975 733 Magistro
1000 668 1171 716 artium
1200 668 1306 725 actu
1330 673 1378 721 in
1410 672 1578 722 eadem
1602 675 1904 729 universitate
1921 674 2152 727 Rostoch:
2172 678 2354 746 legenti

122 737 252 785 acin
272 737 413 793 Sacra
439 734 707 799 Theologia
732 736 1009 800 promoveri
1031 735 1257 801 cupienti.

306 803 571 867 Voluitque
603 805 730 850 idem
764 804 852 851 Dn.
878 802 1123 851 Mauritius
1148 805 1370 868 personas
1403 803 1640 857 dierorum
1663 810 1966 862 studentium
1995 813 2056 861 de
2089 816 2351 881 quinquen-

121 871 205 920 nio
232 871 290 918 ad
316 870 688 936 quinquennium
711 871 908 927 mutari,
929 885 985 918 ac
1009 869 1122 918 alios
1143 871 1255 921 loco
1278 887 1445 922 eorum
1470 874 1699 940 surrogari
1722 894 1807 944 per
1831 879 2105 930 Concilium
2126 882 2201 931 seu
2218 884 2352 934 Con-

121 936 322 986 ciliarios
346 935 480 996 011&ae
503 937 821 987 Univerfitatis
845 936 1078 987 Rostochz
1095 954 1215 1003 quos
1240 941 1382 988 etiam
1419 941 1722 995 Colle&ores
1755 948 2023 997 reddituum
2059 959 2171 999 ante
2201 949 2352 1000 dieto-

120 1019 226 1054 rum
262 1004 603 1070 stipendiorum
622 1037 638 1061 ,
673 1019 729 1053 ac
759 1006 1021 1053 monitores
1046 1037 1061 1063 ,
1113 1021 1202 1055 nec
1237 1021 1334 1055 non
1362 1010 1420 1056 de
1445 1015 1683 1076 perceptis
1719 1016 1979 1079 quitatores
2005 1016 2096 1065 effe
2120 1018 2271 1067 voluit
2293 1035 2350 1067 ac

120 1074 398 1135 deputavit,
447 1074 688 1137 Qodque
711 1072 793 1137 ipfi
824 1072 1150 1136 Conciliatorii
1173 1074 1564 1139 praespecificatos
1595 1096 1777 1130 annuos
1798 1083 1974 1132 reditus
2001 1085 2102 1150 ipsis
2127 1084 2350 1135 studenti-

122 1140 209 1188 bus
235 1141 294 1187 ad
310 1139 471 1187 'statim
494 1139 864 1188 distribuendum
886 1140 936 1190 ὅ(
958 1141 1242 1189 tradendum
1263 1141 1349 1190 sint
1373 1143 1585 1209 obligati.

292 1206 588 1272 Censuitque
612 1216 837 1270 praeterea
871 1208 998 1255 idem
1032 1209 1123 1257 Dn.
1150 1209 1302 1257 Maur.
1323 1210 1499 1259 Witte
1519 1245 1533 1271 ,
1576 1215 1706 1279 quod
1739 1214 1768 1262 fi
1803 1218 1883 1281 qui
1910 1219 1971 1278 de
2001 1219 2244 1284 parentela
2272 1222 2349 1272 sna

118 1271 297 1323 fuerint
330 1274 573 1322 literarum
608 1273 763 1323 studiis
790 1276 893 1340 apti
921 1275 971 1325 ἀ
1004 1274 1136 1324 dinis
1172 1278 1357 1325 duobus
1391 1278 1561 1328 ultimis
1597 1281 1831 1347 stipendiis
1864 1289 2068 1349 gaudere
2089 1289 2348 1350 nituntur,

113 1345 249 1406 quod
276 1341 359 1389 illis
375 1343 442 1390 ‹ad
466 1350 662 1390 centum
688 1358 840 1391 annos
861 1375 876 1400 ‚
910 1358 936 1390 a
958 1344 1066 1390 data
1099 1345 1396 1405 praesentium
1426 1346 1643 1397 inclufive
1667 1356 2023 1416 computando,
2057 1357 2224 1403 eadem
2248 1359 2347 1406 duo

117 1407 348 1470 stipendia
368 1407 636 1457 nullatenus
659 1409 867 1457 debeant
889 1411 1140 1473 denegari,
1169 1412 1244 1458 sed
1269 1414 1488 1461 omnibus
1505 1416 1724 1478 praeferri.
1794 1419 2050 1486 Lapsisque
2065 1422 2141 1470 seu
2164 1425 2347 1474 effluxis

116 1475 253 1524 dietis
278 1481 472 1532 centum
497 1477 659 1531 annis,
692 1476 721 1522 fi
746 1478 826 1539 qui
849 1476 898 1523 in
910 1475 1037 1523 Villa
1056 1478 1366 1541 Borchedorp
1387 1478 1467 1527 fita
1489 1484 1536 1529 in
1551 1483 1795 1546 paludibus
1815 1486 2050 1536 Wilstriae
2073 1489 2349 1540 Teutonice

115 1540 533 1605 QBt'lstermBrem:
556 1543 734 1599 dioceS‚
758 1543 1024 1590 Literarum
1048 1542 1205 1591 studiis
1228 1544 1406 1594 habiles
1428 1546 1477 1597 δε
1490 1549 1773 1613 perJuratos
1788 1552 1922 1601 diecae
1940 1555 2151 1605 Ecclesiae
2164 1556 2346 1620 5301*pr

116 1612 219 1671 torp
240 1609 475 1658 nominati
502 1608 552 1659 &
575 1609 838 1674 praesentati
860 1609 1062 1667 fuerint,
1089 1616 1467 1677 quotiescunque
1489 1615 1580 1680 ipsa
1600 1616 1828 1682 stipendia
1849 1628 1930 1670 ant
1950 1622 2151 1673 alterum
2173 1640 2347 1678 eorun-

113 1676 225 1734 dem
250 1691 422 1726 vacare
443 1677 726 1742 contigerit,
762 1675 897 1725 dicitis
917 1675 1154 1741 stipendiis
1178 1678 1266 1727 frui
1289 1679 1441 1729 voluit
1465 1682 1512 1732 <Sc
1535 1687 1757 1748 gaudere.
1834 1723 1837 1724 γ

206 1736 209 1737 ’
284 1742 576 1793 Ξυὺηεᾶεηε
598 1759 791 1809 quoque
816 1743 965 1793 didius
995 1745 1053 1793 D.
1078 1747 1322 1795 Mauritius
1336 1748 1519 1798 ‘Witte
1542 1753 1589 1800 in
1614 1763 1844 1804 eventum
1865 1788 1882 1813 ‚
1913 1770 2016 1822 quo
2042 1774 2134 1824 prae
2158 1775 2345 1810 memo-

111 1811 204 1861 rati
227 1810 503 1860 Conciliarii
527 1814 574 1861 in
609 1810 858 1860 antediffis
894 1814 1114 1861 omnibus
1136 1814 1186 1863 ὅ(
1219 1813 1397 1879 singulo
1427 1816 1502 1865 seu
1537 1834 1705 1868 eorum
1730 1822 1887 1888 aliquo
1909 1857 1925 1881 ‚
1961 1830 2135 1891 reperti
2165 1829 2344 1880 fuerint

111 1877 439 1943 negligentes,
479 1879 555 1928 seu
579 1878 802 1944 praemissa
823 1880 880 1927 ad
904 1879 1101 1945 implere
1124 1883 1469 1942 recusaverint,
1503 1887 1550 1934 in
1571 1902 1683 1935 eum
1709 1892 1861 1938 casum
1881 1893 2005 1940 idem
2024 1894 2081 1941 D.
2094 1896 2342 1947 Mauritius

111 1945 402 1998 Venerabile
426 1945 705 2009 Capitulum
728 1945 861 1994 ditias
884 1947 1093 1995 Ecclefiae
1115 1947 1396 1998 Lubeceniis
1420 1951 1673 2012 substituit,
1699 1957 1746 2006 e&
1767 1957 1878 2006 loco
1900 1959 2135 2010 difi'mrum
2159 1963 2341 2013 Conci-

112 2010 354 2061 liariorum
375 2012 529 2061 voluit
549 2011 641 2060 esse
664 2013 959 2075 surrogatos,
991 2014 1021 2060 s1
1044 2015 1093 2063 ὃ(
1113 2018 1335 2078 quotiens
1360 2034 1481 2082 opus
1505 2020 1647 2070 fuerit
1666 2023 1714 2072 ἀ
1737 2024 1922 2073 necesse
1944 2058 1960 2084 ‚
1994 2036 2180 2077 retenta
2203 2031 2339 2081 nihil-

111 2079 303 2128 ominus
326 2078 406 2126 fibi
430 2079 710 2127 omnimoda
734 2079 959 2127 facultate
982 2082 1330 2130 ordinationem
1352 2082 1621 2147 hujusmodi
1641 2090 1689 2137 in
1712 2090 1793 2139 suo
1823 2091 2110 2143 testamento
2146 2096 2236 2148 five
2257 2113 2338 2148 co-

113 2145 271 2196 dicillo
294 2146 554 2195 revocandi
578 2146 625 2194 &
650 2145 783 2193 aliter
801 2146 1079 2209 disponendi
1102 2180 1117 2204 a
1155 2164 1245 2196 nec
1268 2166 1368 2199 non
1392 2153 1440 2200 in
1464 2152 1749 2206 testamento
1777 2156 1870 2208 five
1892 2159 2134 2212 Codicillo
2154 2167 2346 2230 primos>

110 2215 378 2262 eorundem
403 2211 741 2278 stipendiorum
766 2211 1043 2276 possessores
1065 2218 1358 2265 nominandi.

191 2320 201 2325 ,ξ
261 2310 263 2313 ψ
283 2281 418 2345 Qas
445 2282 635 2346 quidem
659 2281 981 2329 ordinationes
1008 2282 1056 2331 ὅ(
1080 2285 1239 2331 omnia
1265 2285 1490 2348 praemiffa
1509 2288 1625 2354 saepe
1647 2289 1797 2341 dietus
1821 2294 1876 2343 D.
1899 2295 2145 2346 Mauritius
2157 2299 2335 2350 Witte

110 2348 364 2413 approbari
388 2347 438 2397 ὅ(
462 2347 729 2396 confirmari
754 2364 807 2396 ac
831 2347 1164 2399 auetoritatem
1187 2352 1392 2402 nostram
1425 2357 1706 2407 ordinariam
1739 2360 1790 2411 &
1822 2363 2066 2414 decretum
2089 2366 2333 2434 interponi

111 2419 339 2481 pernos,
373 2416 531 2462 debita
556 2430 665 2463 cum
689 2415 902 2464 instantia
927 2418 1065 2480 petiit
1088 2421 1135 2468 ὅ(
1161 2419 1427 2483 postulavit.

285 2484 387 2530 Nos
409 2483 551 2546 igitur
572 2482 816 2545 Johannes
849 2485 1069 2532 Decanus
1103 2487 1151 2536 ὅ(
1175 2486 1448 2538 Canonicus
1482 2489 1750 2544 Lubicensis
1784 2497 2004 2561 praefatus
2027 2533 2042 2558 ,
2077 2503 2331 2553 attendens

109 2546 477 2615 postulationem
502 2546 774 2614 hujusmodi
802 2551 913 2598 -fore
928 2549 1100 2615 justam
1128 2555 1176 2603 ὅ(
1208 2558 1381 2605 rationi
1410 2559 1669 2610 consonam
1692 2595 1708 2621 ‚
1752 2566 1975 2631 quodque
2001 2568 2122 2632 justa
2146 2573 2331 2634 petenti

110 2632 212 2664 non
236 2615 303 2664 est
323 2617 631 2680 denegandus
656 2616 880 2674 assensus,
924 2617 1213 2669 ereffionem
1237 2623 1285 2673 ὅς
1314 2627 1668 2677 ordinationem
1694 2632 1953 2682 antedi&as
1977 2652 2084 2683 cum
2110 2638 2329 2687 omnibus

110 2682 159 2733 δι
185 2682 369 2749 singulis
389 2682 483 2732 five
507 2681 697 2748 adje&is
720 2686 1074 2735 conditionibus
1098 2689 1396 2741 facultatibus
1409 2694 1616 2761 superius
1630 2699 1885 2761 expresfi8‚
1908 2706 2162 2752 autoritate
2175 2704 2330 2762 nostra

109 2752 345 2798 ordinaria
366 2753 728 2815 approbandum
750 2755 967 2802 duximus
988 2754 1035 2804 ὅ(
1059 2755 1464 2821 confirmandum,
1502 2773 1647 2827 prout
1665 2768 1983 2831 approbamus
2007 2771 2056 2821 <Sc
2080 2771 2327 2821 confirma-

52 2846 53 2849 =
110 2832 215 2865 mus
241 2819 288 2866 in
313 2818 402 2866 Dei
422 2822 618 2869 nomine
637 2837 722 2887 per
743 2820 989 2887 praesentes
1011 2856 1026 2882 ,
1064 2823 1393 2878 austeritatem
1412 2831 1632 2882 nostram
1655 2833 2019 2900 interposuimus
2039 2854 2095 2889 ac
2116 2840 2328 2906 interpo-

110 2885 265 2934 nimus
286 2886 526 2948 pariter&
550 2889 809 2938 decretum.

279 2951 334 3004 ln
357 2967 560 3017 quorum
580 2959 795 3011 omnium
813 2956 862 3011 ὅ(
885 2957 1167 3026 singulorum
1189 2963 1526 3030 praemissorum
1548 2960 1692 3019 fidem
1712 2965 1762 3022 <Sc
1786 2971 1980 3022 evidens
2002 2971 2324 3026 testimonium

2131 3044 2325 3110 praesen-
