2541 3415
355 207 542 274 Qinige
564 215 678 264 gum
699 197 1007 262 btobbause
1029 196 1165 248 bever
1186 192 1429 251 ‘Dicat-fen
1451 190 1684 270 gabetige
1718 193 2028 264 &cbriffteffi
2193 197 2296 260 273²

108 298 251 310 ἡ

220 327 350 376 Idem
374 322 466 370 Dn.
490 318 710 369 Provisor
732 317 864 367 dedit
888 317 1045 366 adhuc
1065 317 1124 364 ad
1147 314 1446 364 Convivium
1476 313 1624 376 Egidii
1647 315 1783 362 unius
1804 330 1970 364 marcoe
2004 313 2232 361 redditus.

84 396 225 457 1464.
297 392 439 439 Anno
475 389 568 438 διε.
594 385 881 451 sexagesimo
902 391 1072 451 quarto
1095 384 1212 433 obiit
1243 383 1337 431 θη.
1359 382 1410 432 ὃς
1431 378 1652 444 Magister
1674 380 1732 426 de
1758 381 1858 438 Lu,
1889 380 2106 430 Provisor
2129 378 2176 427 ὅ(
2201 375 2301 442 spe:-⁴

143 461 268 509 cialis
288 454 565 506 benefaecor
589 470 782 519 panum,
800 455 878 518 qui
903 454 1033 501 dedit
1055 453 1114 499 ad
1146 450 1247 499 usus
1270 464 1444 515 panum
1472 448 1708 511 sexaginta
1730 462 1909 494 marcas
1934 450 1980 495 in
2003 448 2262 494 frumento.

212 525 393 574 Eodem
417 527 562 572 Anno
586 523 676 571 διε.
691 521 976 586 sexagesimo
991 526 1161 585 quarto
1182 519 1301 567 obiit
1314 516 1505 565 Hilleke
1519 513 1829 563 Goltbecken
1849 528 1950 578 quae
1963 515 2092 563 dedit
2103 515 2304 562 duarum

145 607 409 642 marcarum
432 591 643 639 redditus
666 605 755 654 pro
777 587 1121 636 celebrantibus
1149 586 1296 635 altera
1322 584 1442 633 Viti.

87 674 230 726 1473.
297 660 417 707 Item
442 674 566 707 anno
583 658 640 704 D.
655 656 899 705 Millesimo
915 652 1378 721 quadringentesimo
1393 648 1732 717 septuagesimo
1748 650 1890 699 tertio
1916 646 2033 696 obiit
2046 646 2138 695 Dn.
2151 647 2306 696 Henrl

147 724 459 790 Eiklzebujus
483 723 695 775 Ecclefiae
718 724 965 781 vicarius,
1008 723 1086 789 qui
1111 721 1244 770 dedit
1264 721 1324 769 ad
1347 719 1524 768 lumina
1555 719 1605 768 ὅ(
1628 732 1775 783 panes
1810 716 2113 768 Vicariorum
2146 720 2305 772 certos

147 796 357 844 redditus
380 803 433 842 ut
456 800 590 859 patet
616 794 662 841 in
682 791 948 841 calendario
974 789 1192 840 vicefima
1214 787 1385 838 oetava
1416 786 1723 835 Novembris,

89 875 233 928 1477.
301 865 447 910 Anno
471 861 563 910 διε.
580 858 921 924 septuagefimo
947 858 1146 923 septimo
1160 857 1281 906 obiit
1302 856 1393 904 Dn.
1412 854 1627 903 Luderus
1643 851 1965 901 Rotermunth
1979 852 2200 899 Decanus
2212 846 2311 896 Ca-'

151 929 424 986 lendarum‚
447 925 579 992 cujus
605 925 938 976 testamentarii
972 926 1205 974 dederunt
1239 925 1298 973 ad
1329 923 1508 973 lumina
1531 922 1580 971 δε
1607 935 1751 987 panes
1775 921 2079 969 Vicariorum
2112 919 2310 966 duarum

153 1012 419 1047 marcarum
440 996 677 1052 redditus,
702 1002 756 1042 ut
778 1002 912 1059 patet
933 996 981 1043 in
1004 993 1290 1042 Calendario
1312 993 1360 1040 in
1392 988 1602 1056 profesto
1635 987 1844 1037 Martini.

92 1078 236 1129 1479.
283 1067 428 1113 Anno
441 1063 531 1112 ἃς.
544 1062 884 1127 septuagesimo
896 1076 1031 1122 nono
1045 1061 1166 1110 obiit
1180 1062 1270 1109 Dn.
1281 1058 1516 1124 Henricus
1533 1055 1802 1105 Suckeman
1815 1054 2033 1104 Vicarius
2052 1051 2099 1102 δι
2113 1051 2309 1101 Hebdo-=

151 1132 383 1182 madarius
397 1130 533 1195 hujus
556 1128 782 1189 Ecclefiae,
806 1131 884 1195 qui
898 1130 1030 1179 dedit
1055 1128 1266 1195 quinque
1279 1140 1460 1178 marcas
1473 1124 1777 1174 denariorum
1790 1124 1839 1173 in
1853 1128 2164 1188 augmentum
2183 1118 2306 1168 ,red-

116 1239 124 1242 .
162 1201 364 1248 dituum.
1509 1226 1514 1233 ·

215 1266 399 1315 Eodem
421 1264 653 1315 anno&c.
674 1263 1017 1331 septuagesimo
1032 1279 1166 1314 nono
1184 1262 1303 1313 obiit
1324 1259 1585 1311 Dn.Nicol:
1609 1259 1843 1309 Sar-torius
1880 1256 2241 1306 Commendista
2265 1257 2315 1305 in

160 1332 341 1383 summo
365 1333 424 1381 ad
445 1332 590 1380 altare
611 1333 656 1380 8.
681 1333 824 1382 Lucae
860 1334 939 1398 qui
964 1334 1096 1382 dedit
1123 1334 1259 1382 unius
1287 1344 1456 1381 marcae
1486 1329 1696 1378 redditus
1717 1343 1805 1394 pro
1828 1324 2174 1376 celebrantibus
2198 1323 2317 1375 feria

160 1409 327 1466 quarta
351 1398 455 1465 post
484 1398 678 1449 ηοᾶεῐη
706 1399 923 1449 sancitam.

96 1476 241 1531 1480.
298 1471 442 1516 Anno
466 1467 556 1515 Dn.
581 1466 832 1515 Millefimo
856 1465 1318 1532 quadringentefimo
1348 1463 1669 1529 ofituagefimo
1683 1460 1906 1513 vicefimo
1921 1461 2124 1510 secunda
2140 1458 2316 1526 Aprilis

53 1550 55 1554 ⁴
160 1535 280 1584 obiit
303 1536 392 1581 θη.
416 1534 542 1581 Otto
563 1532 609 1580 T
610 1533 818 1595 ynsdall,
855 1531 996 1598 hujus
1017 1533 1227 1583 Ecclesiae
1249 1533 1467 1581 Vicarius
1496 1533 1546 1582 ὅ(
1581 1528 1925 1580 commendista
1958 1529 2036 1593 qui
2068 1526 2318 1594 assignavit

159 1602 210 1652 ὅ(
232 1602 363 1649 dedit
383 1603 430 1650 in
455 1598 767 1650 Testamento
789 1600 870 1649 suo
895 1617 1036 1650 unam
1056 1601 1242 1668 capsam
1266 1608 1539 1665 argenteam
1555 1615 1664 1647 cum
1688 1600 1827 1663 pede,
1843 1599 2151 1662 quadrantem
2165 1596 2318 1661 vigin-

159 1671 197 1723 ti
218 1670 331 1717 duas
357 1669 507 1717 untias
528 1669 681 1717 minus
712 1684 858 1720 unum
898 1670 1112 1735 quentin.
1185 1669 1246 1717 Et
1270 1676 1473 1733 quatuor
1495 1665 1763 1716 cochlearia
1786 1667 1844 1714 ad
1868 1663 2119 1713 utilitatem
2140 1678 2320 1729 panum

160 1736 460 1787 &luminum
490 1736 807 1787 Vicariorum.

227 1804 358 1852 Idem
379 1804 505 1852 Otto
526 1803 749 1869 Tynsdall
773 1805 904 1855 dedit
924 1806 981 1855 ad
1003 1806 1107 1854 usus
1131 1820 1308 1872 panum
1337 1806 1534 1853 domum
1557 1803 1682 1852 suam
1697 1835 1712 1860 ,
1735 1816 1877 1867 quam
1901 1798 2197 1848 inhabitabat
2219 1796 2316 1862 ipse

165 1887 273 1921 cum
288 1870 559 1988 ultzenfileS,
573 1886 676 1938 quae
689 1874 858 1922 domus
880 1874 971 1924 tuit
983 1874 1177 1924 vendita
1188 1890 1276 1940 pro
1292 1881 1498 1939 quatuor
1508 1886 1771 1921 marcarum
1784 1867 2040 1918 redditibus
2055 1867 2103 1917 ὅ(
2117 1882 2212 1915 uno
2232 1863 2318 1914 flo-

174 1955 293 1988 reno
361 1955 481 1987 enen
503 1956 530 1988 ι.

216 2008 360 2054 ‘Idem
389 2008 477 2054 Dn.
501 2008 627 2060 Otto
651 2009 878 2073 Tynsdall
902 2010 1033 2059 dedit
1054 2010 1197 2058 etiam
1221 2009 1300 2056 sex
1322 2022 1587 2057 marcarum
1610 2006 1820 2054 redditus
1848 2004 1905 2051 ad
1918 2002 2020 2051 usus
2036 2016 2210 2067 panum
2234 1998 2320 2049 isto

163 2075 312 2122 modo
334 2073 535 2131 scilicet,
557 2077 685 2138 quod
709 2091 794 2138 pro
819 2078 986 2138 viginti
1009 2085 1213 2140 quatuor
1232 2076 1386 2124 solidis
1408 2090 1553 2139 panes
1578 2077 1626 2122 in
1652 2072 1809 2137 vigilia
1828 2070 1970 2118 Pasce
1986 2103 2000 2127 ,
2036 2069 2084 2119 ὅ(
2107 2082 2196 2133 pro
2222 2067 2318 2116 aliis

167 2141 334 2205 viginti
359 2148 562 2204 quatuor
598 2141 746 2189 solidis
771 2157 916 2206 panes
939 2145 987 2190 in
1011 2142 1184 2205 Vigilia
1203 2143 1479 2190 Nativitatis
1507 2140 1712 2188 distribui
1742 2140 1920 2186 debent
1950 2137 2152 2185 Vicariis
2178 2135 2322 2200 parti·

165 2208 382 2272 pantibus
419 2205 618 2254 semelle.
685 2209 744 2255 Et
764 2209 932 2273 viginti
957 2217 1160 2273 quatuor
1181 2208 1312 2256 solidi
1337 2209 1572 2256 dabuntur
1598 2207 1646 2254 in
1670 2205 1788 2253 festo
1813 2204 1976 2269 Egidii.
2043 2202 2233 2268 Reliqui
2254 2201 2322 2252 vi-

165 2275 285 2338 ginti
309 2282 513 2338 quatuor
538 2273 666 2323 solidi
689 2275 1016 2323 distribuantur
1037 2291 1124 2340 pro
1147 2274 1491 2324 celebrantibus
1513 2275 1561 2322 in
1577 2275 1652 2322 die
1673 2274 1718 2321 8.
1747 2272 1948 2325 Mathie.

109 2350 248 2405 1481.
315 2346 461 2390 Anno
485 2342 575 2391 &a
600 2341 920 2407 o&uagefimo
942 2344 1097 2407 primo
1113 2343 1230 2391 obiit
1254 2341 1772 2406 Dn.Conr.Tydeman
1794 2337 1933 2403 hujus
1954 2336 2165 2387 Ecclefiae
2178 2337 2323 2386 Vica-

169 2411 263 2457 rius
284 2409 333 2457 ὅ(
354 2410 780 2459 HebdomadariuS.
850 2408 1002 2474 Hujus
1027 2409 1364 2459 testamentarii
1385 2410 1621 2457 dederunt
1645 2408 1723 2457 sex
1747 2421 2010 2456 marcarum
2032 2406 2240 2454 redditus
2262 2406 2323 2453 de

172 2477 338 2543 quibus
361 2478 454 2523 due
479 2491 637 2525 marce
663 2479 898 2525 dabuntur
919 2479 1043 2526 inter
1056 2478 1365 2526 celebrantes.
1434 2475 1523 2524 Pro
1538 2475 1633 2524 aliis
1657 2483 1818 2524 autem
1842 2482 2046 2540 quatuor
2057 2474 2224 2522 marcis
2243 2473 2325 2521 de-

170 2545 286 2592 bent
311 2545 574 2608 comparari
598 2544 743 2592 calcei
768 2547 825 2592 ad
849 2546 951 2592 usus
978 2559 1239 2610 pauperum
1264 2542 1558 2593 Scholarium
1582 2544 1642 2592 de
1665 2551 1806 2592 cantu
1829 2545 1875 2591 in
1901 2540 2068 2590 scholis
2090 2541 2136 2590 ὅ(
2154 2542 2325 2588 choro.

239 2611 386 2668 Item,
416 2613 541 2659 idem
568 2610 902 2659 testamentarii
936 2613 1168 2660 dederunt
1190 2613 1387 2660 duarum
1419 2626 1682 2660 marcarum
1703 2611 1913 2659 redditus
1952 2610 2011 2657 de
2047 2609 2214 2674 quibus
2241 2607 2324 2656 ha-

169 2678 299 2727 bebit
314 2677 510 2742 quilibet
534 2679 751 2727 Vicarius
773 2677 878 2728 aestu
900 2677 1103 2727 residens
1130 2694 1269 2727 unam
1295 2677 1528 2728 femellam
1560 2678 1661 2744 ipso
1684 2679 1759 2727 die
1785 2676 2042 2727 Benediffi.

112 2754 256 2808 1485.
320 2749 465 2794 Anno
492 2744 916 2810 &coetuagefimo
942 2747 1110 2810 quinto
1136 2746 1942 2812 obiitDn,LudolphusWichman
1963 2738 2322 2794 Commendista

171 2812 442 2928 inlEgclefia
473 2814 518 2862 8.
544 2813 669 2863 Petri
691 2814 749 2862 de
769 2813 1092 2880 Luneborgh‚
1125 2815 1204 2879 qui
1226 2815 1357 2883 dedit
1390 2814 1660 2882 quindecim
1693 2828 1874 2863 marcas
1897 2812 2199 2862 denariorum
2233 2823 2323 2875 pro

170 2895 226 2928 ce
245 2895 269 2926 e
306 2882 530 2930 rantibus,

107 2951 253 3009 1486.
317 2951 463 2996 Anno
488 2949 579 2999 διο.
603 2946 927 3014 oecuagefimo
949 2947 1082 2996 sexto
1107 2947 1225 2996 obiit
1235 2949 1327 2999 Dn.
1340 2949 1450 3000 Alb:
1470 2948 1787 3000 Hildebranth
1801 2946 1938 3012 hujus
1954 2946 2159 2996 Ecclefiae
2178 2943 2324 2991 Vicaa‘

175 3015 284 3071 riuS,
306 3015 383 3079 qui
396 3017 523 3064 dedit
536 3016 675 3064 trium
699 3031 962 3065 marcarum
984 3016 1194 3065 redditus
1214 3018 1274 3066 ad
1291 3017 1528 3069 lumina&
1541 3015 2023 3085 panes‘Vicariorum.
2093 3014 2199 3062 Nec
2223 3024 2324 3059 non

178 3084 318 3130 trium
344 3085 622 3131 marcarium
645 3084 854 3136 redditus
867 3099 955 3151 pro
969 3082 1316 3138 celebrantibus
1339 3086 1390 3140 δι
1410 3088 1644 3138 memoria
1665 3084 1893 3151 ejusdem.
1963 3081 2151 3134 Deinde
2169 3077 2330 3127 Testa-

179 3150 213 3201 1.
224 3147 402 3214 theiis
414 3164 460 3213 4·
473 3150 658 3208 bano·
1450 3151 1522 3217 W?
1540 3165 1587 3213 m
2144 3152 2329 3211 menn:
