2541 3415
653 163 896 216 Proceffus
918 161 1101 230 Papalis
1127 163 1670 216 Excommunicatorius.
2127 178 2130 181 ⁴
2214 163 2315 229 '3239

280 244 2324 263 „ww—*w

106 289 261 336 denda
283 287 331 337 ὅ(
354 284 506 333 causas
533 281 785 330 audiendas
807 296 894 346 pro
919 277 1136 328 tribunali
1158 278 1422 326 sedentibus
1438 312 1452 336 ,
1478 278 1708 342 prelibato
1730 277 1946 334 Johamze
1958 277 2195 345 Qentim
2220 290 2315 343 quo

105 352 241 418 supra
262 356 454 402 nomine
477 365 537 398 ex
561 365 680 406 una,
704 347 975 396 honorabili
999 348 1102 396 viro
1121 347 1333 394 Domino
1358 344 1550 394 Nicolao
1573 342 1905 408 Deghenhardi
1927 347 2234 411 Presbytero,
2265 357 2322 391 ae

105 422 404 486 praefatorum
426 415 604 466 Stederi
617 414 851 470 Adekens,
877 413 1046 481 Ebonis
1067 410 1467 475 Hannekeficldes,
1492 410 1622 461 Siadi
1638 408 1950 466 Rodealukes,
1973 410 2198 461 Babekz'ni
2217 409 2321 460 Cir-

105 487 214 543 kes,
237 483 448 536 Diderici
472 484 591 532 Ellos
610 486 656 534 &
677 481 896 532 Sihrandi
920 479 1171 546 Hcfyneken
1192 478 1358 529 Eleum
1382 479 1547 535 nostris
1571 479 1716 526 literis
1741 479 2005 526 monitoriis
2026 479 2074 528 <Sc
2094 478 2321 528 citatoriis

105 555 460 603 nominatorum
476 586 489 609 ,
526 550 742 601 Sibramli
762 549 882 599 Edes
905 552 950 598 in
974 546 1185 604 Groden,
1224 544 1465 607 Johcmnis
1494 544 1842 608 Sibelbitinges,
1886 543 2121 608 Noykonis
2159 553 2320 599 Bonas,

84 619 235 671 *Siadi
253 619 406 674 Bolos,
429 617 693 668 Hennekim·
716 615 1004 671 Stedderdes,
1025 614 1239 682 Eygerici
1260 626 1369 679 appe
1388 611 1695 676 clemewalde,
1720 609 1894 661 Edonis
1920 611 2094 660 Tontes
2115 613 2161 662 ὅ(
2184 615 2323 661 Cam-

92 687 236 754 panis
260 686 415 737 Addes
437 686 804 736 consiliariorum
828 686 962 734 diecae
985 692 1119 733 terrae
1149 680 1410 748 Wurstrcie,
1446 683 1759 745 omniumque
1783 678 1982 727 aliorum
2005 679 2054 727 in
2078 679 2179 743 ipso
2192 680 2324 728 terri-

104 757 233 805 torio
256 755 553 803 existentium
588 753 1025 803 &inhabitantium
1062 767 1257 808 eorum,
1293 752 1350 797 ad
1385 747 1622 814 praemissa,
1657 756 1709 796 ut
1731 748 2034 813 percepimus
2065 746 2324 804 fautorum,

106 821 468 886 coadjutorum,
495 822 926 869 confiliariariorum
949 820 997 868 ὅ(
1019 818 1320 868 defensorum
1343 814 1616 880 hujusmodi
1650 823 1986 881 procuratore,
2020 821 2165 879 prout
2199 814 2326 862 idem

103 891 197 939 Dn.
225 888 451 938 Nicolaus
477 892 534 937 de
560 889 645 937 suae
672 889 1017 952 procurationis
1041 888 1266 935 mandato
1291 900 1374 950 per
1396 883 1756 932 instrumentum
1789 882 2028 947 publicum
2060 881 2326 946 legitimum

104 957 241 1007 nobis
264 957 380 1005 fecit
397 955 539 1004 fidem
564 957 771 1020 partibus
800 954 1022 1003 exaltera.
1093 955 1223 1002 Idem
1249 948 1731 1016 MagsserJehannes
1757 950 2115 1015 procuratorio,
2140 964 2236 1013 quo
2260 947 2327 996 su-

104 1040 216 1089 pra,
241 1027 463 1080 nomine,
497 1026 684 1071 easdem
708 1023 862 1071 literas
883 1023 1159 1070 monitorias
1188 1022 1236 1071 &
1263 1021 1501 1070 citatorias
1533 1019 1580 1067 in
1610 1018 1759 1068 valvis
1792 1017 1868 1066 seu
1903 1017 2052 1081 portis
2079 1014 2326 1065 antediffis

33 1104 35 1106 ’
105 1090 265 1140 affixas
289 1093 335 1141 ὃς
361 1091 520 1139 debite
545 1099 793 1147 executas,
832 1107 922 1137 una
948 1105 1054 1137 cum
1082 1105 1239 1137 earum
1267 1089 1552 1136 executione
1578 1086 1604 1133 a
1629 1094 1768 1150 tergo
1801 1085 2060 1133 earundem
2085 1083 2326 1132 literarum

105 1159 282 1222 scriptis
307 1159 611 1221 reproduxit,
633 1159 928 1204 monitorum
966 1158 1218 1205 citatorum
1251 1157 1296 1204 in
1322 1156 1498 1202 eisdem
1525 1153 1877 1202 contumaciam
1910 1151 2172 1208 accusavit,
2207 1150 2254 1201 ὅ(
2277 1152 2326 1199 in

104 1240 269 1272 eorum
296 1227 523 1287 quosdam
550 1225 820 1272 summarios
844 1224 1082 1280 articulos,
1105 1232 1273 1271 contra
1296 1238 1407 1278 eos,
1434 1238 1489 1269 ac
1513 1223 1656 1269 etiam
1671 1221 1902 1285 quosdam
1925 1214 2326 1277 JohannemAde-

102 1289 217 1339 kens
245 1291 292 1339 V
288 1290 485 1344 redrex,
508 1290 753 1339 Albertum
775 1289 1028 1349 Johmmis,
1054 1289 1321 1349 Johannem
1351 1290 1397 1337 V
1394 1287 1564 1336 fedrex
1592 1289 1788 1352 Symerx
1822 1285 2010 1335 Ericum
2035 1286 2325 1350 Gisymmers,

16 1398 20 1399 ⁷
105 1356 368 1406 Odekirzmn
398 1357 684 1421 Wgherdis,
706 1356 974 1416 Johannem
992 1353 1272 1421 ejffisfilium,
1297 1354 1490 1405 Siadum
1513 1351 1888 1411 Hannekeboles,
1912 1347 2211 1402 Fredericmn
2235 1350 2326 1401 Di-

102 1423 216 1474 veld
231 1423 489 1488 Eggerdes,
515 1425 739 1489 Eybonem
760 1421 980 1480 Balheke,
1006 1422 1257 1487 Harfi’mes
1278 1421 1571 1482 Johannem,
1596 1419 1856 1470 Hanneken
1878 1418 2194 1473 Rodealukes,
2228 1417 2329 1468 Sia-

101 1490 215 1541 dum
238 1491 335 1555 ejus
357 1493 550 1539 fratrem
576 1490 814 1540 &ederam
843 1492 964 1540 Orix
981 1526 998 1545 ,
1033 1490 1331 1540 Fredericum
1377 1489 1537 1538 Willix
1555 1486 1902 1537 ·Hannekinum
1937 1485 2219 1550 Heringhes,
2244 1484 2328 1545 Jo-

101 1557 303 1607 hannem
324 1557 475 1622 Eybe,
500 1557 834 1606 Hannekinum
859 1559 975 1611 Ars,
993 1556 1191 1606 Ebonem
1204 1555 1301 1620 ejus
1327 1555 1492 1614 filium,
1515 1572 1570 1604 ac
1593 1556 1775 1604 Bonum
1799 1551 1898 1617 ejus
1924 1555 2134 1610 fratrem,
2158 1568 2327 1601 eorum

99 1626 148 1675 in
169 1627 258 1674 hac
281 1635 414 1690 parte
438 1624 696 1690 complices
721 1625 769 1675 ὅ(
788 1623 1091 1689 coadjutores
1107 1657 1121 1682 ,
1145 1640 1232 1688 pro
1258 1623 1469 1671 ulteriori
1493 1622 1646 1671 nostra
1674 1622 2042 1678 informatione,
2081 1621 2215 1685 super
2235 1636 2327 1669 no·

101 1694 353 1749 totietate,
390 1694 514 1740 fama
537 1693 585 1742 &
608 1694 808 1741 veritate
835 1691 1195 1757 praemissorum,
1237 1690 1364 1740 fausto
1387 1691 1435 1740 <Sc
1455 1691 1503 1738 in
1529 1690 1706 1755 scriptis
1728 1688 1942 1736 exhibuit
1975 1696 2116 1752 atque
2151 1688 2325 1751 produ-

101 1763 186 1814 xit,
213 1761 256 1808 se
279 1763 335 1808 ad
361 1761 660 1825 probandum
685 1761 880 1809 eosdem
905 1760 1115 1818 admitti,
1139 1758 1374 1824 testesque
1398 1757 1447 1807 ὃς
1472 1757 1582 1806 alias
1606 1757 1916 1822 probationes
1950 1755 2146 1819 desuper
2179 1754 2326 1818 recipi

99 1844 158 1877 ac
184 1836 351 1876 contra
373 1830 567 1874 eosdem
587 1826 894 1877 forefa&ores
916 1828 964 1877 ὅ(
1004 1843 1170 1876 eorum
1207 1825 1467 1890 complices
1499 1825 1547 1875 δε
1579 1821 1912 1887 coadjurores‚
1946 1823 2155 1870 fautores
2180 1820 2328 1869 confi·

101 1895 292 1943 liatores
317 1895 372 1943 ’δε
399 1894 667 1941 defensores
698 1895 755 1940 ad
791 1895 1012 1942 ulteriora
1035 1895 1245 1958 procedi.
1312 1894 1380 1939 Ex
1399 1892 1594 1940 adverso
1620 1893 1709 1938 Dn.
1734 1889 1959 1939 Nicolaus
1986 1889 2327 1954 Deghenhardi

101 1961 386 2009 Procurator
407 1960 574 2008 volens
600 1960 807 2007 nostrum
839 1975 923 2024 per
947 1961 1042 2007 hoc
1066 1961 1230 2023 fugere
1260 1957 1491 2022 judicium
1517 1961 1563 2007 in
1587 1959 1790 2022 quadam
1818 1957 1982 2005 cedula
2004 1972 2087 2021 per
2112 1972 2219 2003 eum
2246 1957 2327 2003 ibi·

103 2029 212 2075 dem
231 2024 517 2090 judicialiter
538 2028 586 2074 in
609 2029 806 2074 modum
840 2028 1137 2091 exceptionis
1166 2027 1214 2076 &
1244 2025 1596 2091 protestationis
1633 2022 1877 2087 porrecta,
1914 2025 2052 2088 petIit
2086 2023 2163 2069 fibi
2186 2022 2325 2085 origi-

104 2093 210 2142 nale
233 2094 638 2141 conservatorium
662 2096 720 2140 de
746 2109 841 2158 quo
862 2095 907 2141 in
938 2093 1042 2156 ipsis
1065 2092 1229 2141 nostris
1254 2093 1398 2140 literis
1423 2093 1688 2139 monitoriis
1713 2090 1761 2139 <Sc
1790 2091 2016 2138 citatoriis
2036 2087 2088 2136 fit
2121 2090 2323 2147 mentio,
2352 2130 2354 2132 .

105 2169 158 2208 ut
179 2161 275 2223 ipse
306 2160 605 2217 nominabat,
628 2176 737 2208 cum
773 2160 846 2207 sua
874 2158 1202 2224 purificatione
1235 2160 1476 2211 exhiberi,
1521 2158 1568 2206 &
1595 2159 1653 2203 de
1677 2157 1722 2203 se
1756 2155 1962 2203 nostram
1987 2157 2033 2203 in
2068 2156 2158 2204 hac
2188 2163 2324 2220 parte

97 2226 475 2291 ⁸iurisdiE‘tionem
504 2227 775 2284 certificari,
813 2230 920 2274 cum
944 2229 1068 2275 idern
1095 2226 1500 2273 conservatorium
1526 2232 1580 2271 ut
1602 2224 1743 2270 etiam
1767 2221 1978 2279 asseruit,
2007 2239 2091 2288 per
2115 2231 2323 2271 mortem

103 2296 411 2343 concedentis
435 2301 528 2342 tam
553 2294 767 2350 civilem,
804 2310 941 2357 quam
957 2293 1191 2341 verbalem
1209 2294 1256 2340 in
1281 2292 1485 2356 negotiis
1509 2307 1608 2339 non
1622 2290 1806 2354 coeptis
1821 2290 2047 2338 debuisset
2061 2288 2324 2355 exspiraffe3

103 2359 154 2404 In
177 2364 464 2409 contrarium
488 2377 603 2410 vero
627 2361 774 2419 ditius
797 2358 1038 2417 Jolmnnes
1058 2358 1272 2426 Qentin
1296 2361 1451 2423 primo
1475 2359 1626 2407 verbis
1648 2357 1696 2407 ὅ(
1719 2357 1891 2405 deinde
1913 2357 1960 2404 in
1982 2358 2158 2422 scriptis
2186 2357 2323 2420 repli-

103 2426 286 2480 cand02
322 2425 454 2476 dixit,
483 2430 612 2487 quod
636 2431 915 2494 mandatum
948 2427 1278 2494 Apostolicum
1304 2427 1440 2473 nobis
1472 2423 1700 2473 diretiutn
1735 2423 1783 2472 ὅ(
1813 2425 2130 2489 principatum
2164 2439 2321 2489 neque

104 2491 344 2555 exspiratit
375 2505 530 2554 neque
561 2491 787 2554 exspirare
809 2496 1015 2555 poterit,
1050 2511 1158 2543 cum
1185 2493 1319 2559 super
1344 2493 1678 2540 executionem
1703 2488 1818 2553 juris
1844 2493 2108 2540 communis
2132 2492 2180 2542 ὅ(
2201 2491 2321 2554 posi-

105 2562 188 2608 tivi
208 2561 254 2606 in
280 2558 449 2604 eodem
479 2559 703 2605 mandato
734 2556 934 2622 expressi
968 2563 1096 2621 quod
1130 2558 1243 2607 effet
1266 2568 1579 2624 perpetuum,
1612 2559 1661 2607 ὅ(
1682 2558 1740 2606 fic
1763 2557 1966 2622 potestas
2002 2558 2185 2615 nostra,
2217 2573 2319 2623 quae

105 2629 163 2675 ad
191 2622 408 2688 idemjus
434 2623 546 2671 esset
570 2624 822 2672 accefforia
845 2627 986 2672 etiam
1003 2623 1115 2672 esset
1127 2632 1373 2687 perpetua,
1398 2640 1553 2688 neque
1575 2625 1741 2690 posset,
1770 2627 1962 2673 deberet
1985 2626 2080 2674 ullo
2106 2641 2319 2689 unquam

106 2703 326 2758 ternpore
351 2693 599 2754 exspirare.
672 2694 856 2755 Quibus
882 2691 940 2739 fic
965 2690 1215 2756 propofitis
1245 2690 1293 2740 ὃς
1324 2690 1531 2755 allegatis
1560 2707 1646 2739 nos
1673 2695 1730 2739 ad
1759 2693 2042 2755 petitionem
2065 2692 2112 2741 &
2131 2692 2318 2756 requisi-

108 2762 288 2808 tionem
315 2757 524 2822 ejusdem
551 2760 742 2807 Domini
766 2757 954 2807 Nicolai
979 2759 1295 2822 procuratoris
1319 2755 1463 2805 ditias
1487 2757 1640 2806 literas
1657 2757 1953 2823 Apostolicas
1976 2775 2030 2807 ac
2045 2761 2318 2807 mandatum

107 2827 157 2876 ὅ(
178 2826 458 2891 potestatem
483 2825 661 2875 nostras
695 2827 742 2873 in
767 2827 810 2875 se
832 2826 1133 2874 continentes
1167 2823 1453 2889 originaliter
1474 2825 1523 2874 in
1545 2828 1751 2874 medium
1787 2826 2110 2884 exhibuimus,
2146 2840 2319 2888 easque

54 2952 57 2955 Δ
109 2895 169 2942 de
193 2894 342 2942 verbo
368 2895 426 2941 ad
451 2895 647 2943 verbum
671 2895 719 2941 in
746 2894 952 2959 ipsorum
976 2899 1337 2958 procuratorum
1378 2893 1617 2956 praesentia
1640 2891 1732 2957 legi
1765 2891 1990 2951 fecimus,
2025 2908 2083 2940 ex
2119 2907 2318 2958 quarum

109 2970 277 3011 tenore
316 2959 591 3017 constabat,
635 2970 778 3026 prout
801 2959 1007 3018 constat,
1043 2974 1131 3008 nos
1153 2958 1245 3012 effe
1266 2974 1450 3011 merum
1482 2967 1792 3010 executorem
1817 2957 1934 3023 juris
1968 2961 2231 3008 communis
2264 2957 2315 3023 ὃς

109 3028 321 3094 positivi,
352 3028 400 3078 &
423 3030 480 3076 ad
513 3029 649 3094 ipfius
679 3025 794 3094 juris
831 3029 1168 3080 executionem
1197 3027 1494 3093 deputatum.
1574 3028 1632 3079 Et
1653 3029 1761 3078 ideo
1785 3026 1887 3078 vifis
1918 3026 1968 3078 ὅ(
1989 3026 2156 3076 auditis
2180 3024 2318 3089 super

179 3093 386 3153 1.OEbet'16
407 3109 456 3160 4,
482 3093 664 3152 bano.
1409 3090 1490 3152 ἳῐ
2217 3092 2314 3145 hoc
